%YAML 1.1
%TAG !u! tag:unity3d.com,2011:
--- !u!29 &1
OcclusionCullingSettings:
  m_ObjectHideFlags: 0
  serializedVersion: 2
  m_OcclusionBakeSettings:
    smallestOccluder: 5
    smallestHole: 0.25
    backfaceThreshold: 100
  m_SceneGUID: 00000000000000000000000000000000
  m_OcclusionCullingData: {fileID: 0}
--- !u!104 &2
RenderSettings:
  m_ObjectHideFlags: 0
  serializedVersion: 8
  m_Fog: 0
  m_FogColor: {r: 0.5, g: 0.5, b: 0.5, a: 1}
  m_FogMode: 3
  m_FogDensity: 0.01
  m_LinearFogStart: 0
  m_LinearFogEnd: 300
  m_AmbientSkyColor: {r: 0.212, g: 0.227, b: 0.259, a: 1}
  m_AmbientEquatorColor: {r: 0.114, g: 0.125, b: 0.133, a: 1}
  m_AmbientGroundColor: {r: 0.047, g: 0.043, b: 0.035, a: 1}
  m_AmbientIntensity: 1
  m_AmbientMode: 0
  m_SubtractiveShadowColor: {r: 0.42, g: 0.478, b: 0.627, a: 1}
  m_SkyboxMaterial: {fileID: 2100000, guid: e2341a9d03e86ec4290c72b1e22bbc7c, type: 2}
  m_HaloStrength: 0.5
  m_FlareStrength: 1
  m_FlareFadeSpeed: 3
  m_HaloTexture: {fileID: 0}
  m_SpotCookie: {fileID: 10001, guid: 0000000000000000e000000000000000, type: 0}
  m_DefaultReflectionMode: 0
  m_DefaultReflectionResolution: 128
  m_ReflectionBounces: 1
  m_ReflectionIntensity: 1
  m_CustomReflection: {fileID: 0}
  m_Sun: {fileID: 0}
  m_IndirectSpecularColor: {r: 0, g: 0, b: 0, a: 1}
--- !u!157 &3
LightmapSettings:
  m_ObjectHideFlags: 0
  serializedVersion: 11
  m_GIWorkflowMode: 0
  m_GISettings:
    serializedVersion: 2
    m_BounceScale: 1
    m_IndirectOutputScale: 1
    m_AlbedoBoost: 1
    m_TemporalCoherenceThreshold: 1
    m_EnvironmentLightingMode: 0
    m_EnableBakedLightmaps: 1
    m_EnableRealtimeLightmaps: 1
  m_LightmapEditorSettings:
    serializedVersion: 9
    m_Resolution: 2
    m_BakeResolution: 40
    m_TextureWidth: 1024
    m_TextureHeight: 1024
    m_AO: 0
    m_AOMaxDistance: 1
    m_CompAOExponent: 1
    m_CompAOExponentDirect: 0
    m_Padding: 2
    m_LightmapParameters: {fileID: 0}
    m_LightmapsBakeMode: 1
    m_TextureCompression: 1
    m_FinalGather: 0
    m_FinalGatherFiltering: 1
    m_FinalGatherRayCount: 256
    m_ReflectionCompression: 2
    m_MixedBakeMode: 1
    m_BakeBackend: 0
    m_PVRSampling: 1
    m_PVRDirectSampleCount: 32
    m_PVRSampleCount: 500
    m_PVRBounces: 2
    m_PVRFilterTypeDirect: 0
    m_PVRFilterTypeIndirect: 0
    m_PVRFilterTypeAO: 0
    m_PVRFilteringMode: 0
    m_PVRCulling: 1
    m_PVRFilteringGaussRadiusDirect: 1
    m_PVRFilteringGaussRadiusIndirect: 5
    m_PVRFilteringGaussRadiusAO: 2
    m_PVRFilteringAtrousPositionSigmaDirect: 0.5
    m_PVRFilteringAtrousPositionSigmaIndirect: 2
    m_PVRFilteringAtrousPositionSigmaAO: 1
    m_ShowResolutionOverlay: 1
  m_LightingDataAsset: {fileID: 0}
  m_UseShadowmask: 0
--- !u!196 &4
NavMeshSettings:
  serializedVersion: 2
  m_ObjectHideFlags: 0
  m_BuildSettings:
    serializedVersion: 2
    agentTypeID: 0
    agentRadius: 0.5
    agentHeight: 2
    agentSlope: 45
    agentClimb: 0.4
    ledgeDropHeight: 0
    maxJumpAcrossDistance: 0
    minRegionArea: 2
    manualCellSize: 0
    cellSize: 0.16666667
    manualTileSize: 0
    tileSize: 256
    accuratePlacement: 0
    debug:
      m_Flags: 0
  m_NavMeshData: {fileID: 0}
--- !u!1 &61104077
GameObject:
  m_ObjectHideFlags: 0
  m_PrefabParentObject: {fileID: 1842634361512016, guid: 88c20de6c1dc0f04abeaffaac0a9a6cf,
    type: 2}
  m_PrefabInternal: {fileID: 1444318727}
  serializedVersion: 5
  m_Component:
  - component: {fileID: 61104078}
  - component: {fileID: 61104081}
  - component: {fileID: 61104080}
  - component: {fileID: 61104079}
  m_Layer: 11
  m_Name: Cube
  m_TagString: Untagged
  m_Icon: {fileID: 0}
  m_NavMeshLayer: 0
  m_StaticEditorFlags: 4294967295
  m_IsActive: 1
--- !u!4 &61104078
Transform:
  m_ObjectHideFlags: 0
  m_PrefabParentObject: {fileID: 4938538743279590, guid: 88c20de6c1dc0f04abeaffaac0a9a6cf,
    type: 2}
  m_PrefabInternal: {fileID: 1444318727}
  m_GameObject: {fileID: 61104077}
  m_LocalRotation: {x: -0, y: -0, z: -0, w: 1}
  m_LocalPosition: {x: 0, y: -0.70000005, z: 0}
  m_LocalScale: {x: 1, y: 1, z: 1}
  m_Children: []
  m_Father: {fileID: 431483443}
  m_RootOrder: 1
  m_LocalEulerAnglesHint: {x: 0, y: 0, z: 0}
--- !u!23 &61104079
MeshRenderer:
  m_ObjectHideFlags: 0
  m_PrefabParentObject: {fileID: 23931689888316860, guid: 88c20de6c1dc0f04abeaffaac0a9a6cf,
    type: 2}
  m_PrefabInternal: {fileID: 1444318727}
  m_GameObject: {fileID: 61104077}
  m_Enabled: 1
  m_CastShadows: 1
  m_ReceiveShadows: 1
  m_DynamicOccludee: 1
  m_MotionVectors: 1
  m_LightProbeUsage: 1
  m_ReflectionProbeUsage: 1
  m_Materials:
  - {fileID: 2100000, guid: eb10b6f571322b443bec8c532c088270, type: 2}
  m_StaticBatchInfo:
    firstSubMesh: 0
    subMeshCount: 0
  m_StaticBatchRoot: {fileID: 0}
  m_ProbeAnchor: {fileID: 0}
  m_LightProbeVolumeOverride: {fileID: 0}
  m_ScaleInLightmap: 1
  m_PreserveUVs: 1
  m_IgnoreNormalsForChartDetection: 0
  m_ImportantGI: 0
  m_StitchLightmapSeams: 0
  m_SelectedEditorRenderState: 3
  m_MinimumChartSize: 4
  m_AutoUVMaxDistance: 0.5
  m_AutoUVMaxAngle: 89
  m_LightmapParameters: {fileID: 0}
  m_SortingLayerID: 0
  m_SortingLayer: 0
  m_SortingOrder: 0
--- !u!65 &61104080
BoxCollider:
  m_ObjectHideFlags: 0
  m_PrefabParentObject: {fileID: 65918768619148394, guid: 88c20de6c1dc0f04abeaffaac0a9a6cf,
    type: 2}
  m_PrefabInternal: {fileID: 1444318727}
  m_GameObject: {fileID: 61104077}
  m_Material: {fileID: 0}
  m_IsTrigger: 0
  m_Enabled: 1
  serializedVersion: 2
  m_Size: {x: 1, y: 1, z: 1}
  m_Center: {x: 0, y: 0, z: 0}
--- !u!33 &61104081
MeshFilter:
  m_ObjectHideFlags: 0
  m_PrefabParentObject: {fileID: 33203118931350252, guid: 88c20de6c1dc0f04abeaffaac0a9a6cf,
    type: 2}
  m_PrefabInternal: {fileID: 1444318727}
  m_GameObject: {fileID: 61104077}
  m_Mesh: {fileID: 10202, guid: 0000000000000000e000000000000000, type: 0}
--- !u!1 &94677694
GameObject:
  m_ObjectHideFlags: 0
  m_PrefabParentObject: {fileID: 1653700269310046, guid: 88c20de6c1dc0f04abeaffaac0a9a6cf,
    type: 2}
  m_PrefabInternal: {fileID: 1444318727}
  serializedVersion: 5
  m_Component:
  - component: {fileID: 94677695}
  - component: {fileID: 94677696}
  m_Layer: 0
  m_Name: Reflection Probe (1)
  m_TagString: Untagged
  m_Icon: {fileID: 0}
  m_NavMeshLayer: 0
  m_StaticEditorFlags: 0
  m_IsActive: 1
--- !u!4 &94677695
Transform:
  m_ObjectHideFlags: 0
  m_PrefabParentObject: {fileID: 4337315262327390, guid: 88c20de6c1dc0f04abeaffaac0a9a6cf,
    type: 2}
  m_PrefabInternal: {fileID: 1444318727}
  m_GameObject: {fileID: 94677694}
  m_LocalRotation: {x: -0, y: -0, z: -0, w: 1}
  m_LocalPosition: {x: 0, y: -0.020097733, z: 0}
  m_LocalScale: {x: 1, y: 1, z: 1}
  m_Children: []
  m_Father: {fileID: 2138201745}
  m_RootOrder: 1
  m_LocalEulerAnglesHint: {x: 0, y: 0, z: 0}
--- !u!215 &94677696
ReflectionProbe:
  m_ObjectHideFlags: 0
  m_PrefabParentObject: {fileID: 215428470545105882, guid: 88c20de6c1dc0f04abeaffaac0a9a6cf,
    type: 2}
  m_PrefabInternal: {fileID: 1444318727}
  m_GameObject: {fileID: 94677694}
  m_Enabled: 1
  serializedVersion: 2
  m_Type: 0
  m_Mode: 1
  m_RefreshMode: 0
  m_TimeSlicingMode: 0
  m_Resolution: 512
  m_UpdateFrequency: 0
  m_BoxSize: {x: 2.7702398, y: 2.8331733, z: 2.3436346}
  m_BoxOffset: {x: -0.16893959, y: 0.16882706, z: -0.15531254}
  m_NearClip: 0.3
  m_FarClip: 1000
  m_ShadowDistance: 100
  m_ClearFlags: 1
  m_BackGroundColor: {r: 0.19215687, g: 0.3019608, b: 0.4745098, a: 0}
  m_CullingMask:
    serializedVersion: 2
    m_Bits: 4294966783
  m_IntensityMultiplier: 1
  m_BlendDistance: 1
  m_HDR: 1
  m_BoxProjection: 0
  m_RenderDynamicObjects: 1
  m_UseOcclusionCulling: 1
  m_Importance: 1
  m_CustomBakedTexture: {fileID: 0}
--- !u!1 &121228260
GameObject:
  m_ObjectHideFlags: 0
  m_PrefabParentObject: {fileID: 0}
  m_PrefabInternal: {fileID: 0}
  serializedVersion: 5
  m_Component:
  - component: {fileID: 121228265}
  - component: {fileID: 121228264}
  - component: {fileID: 121228263}
  - component: {fileID: 121228262}
  - component: {fileID: 121228261}
  m_Layer: 0
  m_Name: Main Camera
  m_TagString: MainCamera
  m_Icon: {fileID: 0}
  m_NavMeshLayer: 0
  m_StaticEditorFlags: 0
  m_IsActive: 1
--- !u!81 &121228261
AudioListener:
  m_ObjectHideFlags: 0
  m_PrefabParentObject: {fileID: 0}
  m_PrefabInternal: {fileID: 0}
  m_GameObject: {fileID: 121228260}
  m_Enabled: 1
--- !u!124 &121228262
Behaviour:
  m_ObjectHideFlags: 0
  m_PrefabParentObject: {fileID: 0}
  m_PrefabInternal: {fileID: 0}
  m_GameObject: {fileID: 121228260}
  m_Enabled: 1
--- !u!92 &121228263
Behaviour:
  m_ObjectHideFlags: 0
  m_PrefabParentObject: {fileID: 0}
  m_PrefabInternal: {fileID: 0}
  m_GameObject: {fileID: 121228260}
  m_Enabled: 1
--- !u!20 &121228264
Camera:
  m_ObjectHideFlags: 0
  m_PrefabParentObject: {fileID: 0}
  m_PrefabInternal: {fileID: 0}
  m_GameObject: {fileID: 121228260}
  m_Enabled: 1
  serializedVersion: 2
  m_ClearFlags: 1
  m_BackGroundColor: {r: 0.19215687, g: 0.3019608, b: 0.4745098, a: 0}
  m_NormalizedViewPortRect:
    serializedVersion: 2
    x: 0
    y: 0
    width: 1
    height: 1
  near clip plane: 0.3
  far clip plane: 1000
  field of view: 60
  orthographic: 0
  orthographic size: 5
  m_Depth: -1
  m_CullingMask:
    serializedVersion: 2
    m_Bits: 4294967295
  m_RenderingPath: -1
  m_TargetTexture: {fileID: 0}
  m_TargetDisplay: 0
  m_TargetEye: 3
  m_HDR: 0
  m_AllowMSAA: 1
  m_AllowDynamicResolution: 0
  m_ForceIntoRT: 0
  m_OcclusionCulling: 1
  m_StereoConvergence: 10
  m_StereoSeparation: 0.022
--- !u!4 &121228265
Transform:
  m_ObjectHideFlags: 0
  m_PrefabParentObject: {fileID: 0}
  m_PrefabInternal: {fileID: 0}
  m_GameObject: {fileID: 121228260}
  m_LocalRotation: {x: 0, y: 0, z: 0, w: 1}
  m_LocalPosition: {x: 0, y: 1, z: -10}
  m_LocalScale: {x: 1, y: 1, z: 1}
  m_Children: []
  m_Father: {fileID: 0}
  m_RootOrder: 0
  m_LocalEulerAnglesHint: {x: 0, y: 0, z: 0}
--- !u!1 &273929194
GameObject:
  m_ObjectHideFlags: 0
  m_PrefabParentObject: {fileID: 1810280545766114, guid: 88c20de6c1dc0f04abeaffaac0a9a6cf,
    type: 2}
  m_PrefabInternal: {fileID: 1444318727}
  serializedVersion: 5
  m_Component:
  - component: {fileID: 273929195}
  - component: {fileID: 273929198}
  - component: {fileID: 273929197}
  - component: {fileID: 273929196}
  m_Layer: 12
  m_Name: Cube
  m_TagString: Untagged
  m_Icon: {fileID: 0}
  m_NavMeshLayer: 0
  m_StaticEditorFlags: 4294967295
  m_IsActive: 1
--- !u!4 &273929195
Transform:
  m_ObjectHideFlags: 0
  m_PrefabParentObject: {fileID: 4628340601042456, guid: 88c20de6c1dc0f04abeaffaac0a9a6cf,
    type: 2}
  m_PrefabInternal: {fileID: 1444318727}
  m_GameObject: {fileID: 273929194}
  m_LocalRotation: {x: -0, y: -0, z: -0, w: 1}
  m_LocalPosition: {x: 0, y: -0.70000005, z: 0}
  m_LocalScale: {x: 1, y: 1, z: 1}
  m_Children: []
  m_Father: {fileID: 1187837680}
  m_RootOrder: 0
  m_LocalEulerAnglesHint: {x: 0, y: 0, z: 0}
--- !u!23 &273929196
MeshRenderer:
  m_ObjectHideFlags: 0
  m_PrefabParentObject: {fileID: 23006185736301576, guid: 88c20de6c1dc0f04abeaffaac0a9a6cf,
    type: 2}
  m_PrefabInternal: {fileID: 1444318727}
  m_GameObject: {fileID: 273929194}
  m_Enabled: 1
  m_CastShadows: 1
  m_ReceiveShadows: 1
  m_DynamicOccludee: 1
  m_MotionVectors: 1
  m_LightProbeUsage: 1
  m_ReflectionProbeUsage: 2
  m_Materials:
  - {fileID: 2100000, guid: db3bceb128d32144ca6fd4550ac256bc, type: 2}
  m_StaticBatchInfo:
    firstSubMesh: 0
    subMeshCount: 0
  m_StaticBatchRoot: {fileID: 0}
  m_ProbeAnchor: {fileID: 0}
  m_LightProbeVolumeOverride: {fileID: 0}
  m_ScaleInLightmap: 1
  m_PreserveUVs: 1
  m_IgnoreNormalsForChartDetection: 0
  m_ImportantGI: 0
  m_StitchLightmapSeams: 0
  m_SelectedEditorRenderState: 3
  m_MinimumChartSize: 4
  m_AutoUVMaxDistance: 0.5
  m_AutoUVMaxAngle: 89
  m_LightmapParameters: {fileID: 0}
  m_SortingLayerID: 0
  m_SortingLayer: 0
  m_SortingOrder: 0
--- !u!65 &273929197
BoxCollider:
  m_ObjectHideFlags: 0
  m_PrefabParentObject: {fileID: 65562705914139494, guid: 88c20de6c1dc0f04abeaffaac0a9a6cf,
    type: 2}
  m_PrefabInternal: {fileID: 1444318727}
  m_GameObject: {fileID: 273929194}
  m_Material: {fileID: 0}
  m_IsTrigger: 0
  m_Enabled: 1
  serializedVersion: 2
  m_Size: {x: 1, y: 1, z: 1}
  m_Center: {x: 0, y: 0, z: 0}
--- !u!33 &273929198
MeshFilter:
  m_ObjectHideFlags: 0
  m_PrefabParentObject: {fileID: 33193202093693560, guid: 88c20de6c1dc0f04abeaffaac0a9a6cf,
    type: 2}
  m_PrefabInternal: {fileID: 1444318727}
  m_GameObject: {fileID: 273929194}
  m_Mesh: {fileID: 10202, guid: 0000000000000000e000000000000000, type: 0}
--- !u!1 &344597735
GameObject:
  m_ObjectHideFlags: 0
  m_PrefabParentObject: {fileID: 1034026176227000, guid: 88c20de6c1dc0f04abeaffaac0a9a6cf,
    type: 2}
  m_PrefabInternal: {fileID: 1444318727}
  serializedVersion: 5
  m_Component:
  - component: {fileID: 344597736}
  m_Layer: 0
  m_Name: DemoObjects
  m_TagString: Untagged
  m_Icon: {fileID: 0}
  m_NavMeshLayer: 0
  m_StaticEditorFlags: 0
  m_IsActive: 1
--- !u!4 &344597736
Transform:
  m_ObjectHideFlags: 0
  m_PrefabParentObject: {fileID: 4934344442018756, guid: 88c20de6c1dc0f04abeaffaac0a9a6cf,
    type: 2}
  m_PrefabInternal: {fileID: 1444318727}
  m_GameObject: {fileID: 344597735}
  m_LocalRotation: {x: 0, y: 0, z: 0, w: 1}
  m_LocalPosition: {x: 0, y: 0, z: 0}
  m_LocalScale: {x: 1, y: 1, z: 1}
  m_Children:
  - {fileID: 1554570364}
  - {fileID: 2138201745}
  - {fileID: 593765019}
  - {fileID: 431483443}
  - {fileID: 1187837680}
  - {fileID: 1374205346}
  m_Father: {fileID: 0}
  m_RootOrder: 1
  m_LocalEulerAnglesHint: {x: 0, y: 0, z: 0}
--- !u!1 &401975205
GameObject:
  m_ObjectHideFlags: 0
  m_PrefabParentObject: {fileID: 1858630756550008, guid: 88c20de6c1dc0f04abeaffaac0a9a6cf,
    type: 2}
  m_PrefabInternal: {fileID: 1444318727}
  serializedVersion: 5
  m_Component:
  - component: {fileID: 401975206}
  - component: {fileID: 401975207}
  m_Layer: 0
  m_Name: Reflection Probe
  m_TagString: Untagged
  m_Icon: {fileID: 0}
  m_NavMeshLayer: 0
  m_StaticEditorFlags: 0
  m_IsActive: 0
--- !u!4 &401975206
Transform:
  m_ObjectHideFlags: 0
  m_PrefabParentObject: {fileID: 4269806774681954, guid: 88c20de6c1dc0f04abeaffaac0a9a6cf,
    type: 2}
  m_PrefabInternal: {fileID: 1444318727}
  m_GameObject: {fileID: 401975205}
  m_LocalRotation: {x: -0, y: -0, z: -0, w: 1}
  m_LocalPosition: {x: -0.01, y: 0.06317496, z: 0.012}
  m_LocalScale: {x: 1, y: 1, z: 1}
  m_Children: []
  m_Father: {fileID: 431483443}
  m_RootOrder: 0
  m_LocalEulerAnglesHint: {x: 0, y: 0, z: 0}
--- !u!215 &401975207
ReflectionProbe:
  m_ObjectHideFlags: 0
  m_PrefabParentObject: {fileID: 215772291181534534, guid: 88c20de6c1dc0f04abeaffaac0a9a6cf,
    type: 2}
  m_PrefabInternal: {fileID: 1444318727}
  m_GameObject: {fileID: 401975205}
  m_Enabled: 0
  serializedVersion: 2
  m_Type: 0
  m_Mode: 1
  m_RefreshMode: 0
  m_TimeSlicingMode: 0
  m_Resolution: 512
  m_UpdateFrequency: 0
  m_BoxSize: {x: 2.1821249, y: 2.8331733, z: 1.9228041}
  m_BoxOffset: {x: -0.06899154, y: 0.07383835, z: -0.20782173}
  m_NearClip: 0.3
  m_FarClip: 1000
  m_ShadowDistance: 100
  m_ClearFlags: 1
  m_BackGroundColor: {r: 0.19215687, g: 0.3019608, b: 0.4745098, a: 0}
  m_CullingMask:
    serializedVersion: 2
    m_Bits: 4294965247
  m_IntensityMultiplier: 1
  m_BlendDistance: 1
  m_HDR: 1
  m_BoxProjection: 0
  m_RenderDynamicObjects: 1
  m_UseOcclusionCulling: 1
  m_Importance: 1
  m_CustomBakedTexture: {fileID: 0}
--- !u!1 &420898450
GameObject:
  m_ObjectHideFlags: 0
  m_PrefabParentObject: {fileID: 1207948963076162, guid: 88c20de6c1dc0f04abeaffaac0a9a6cf,
    type: 2}
  m_PrefabInternal: {fileID: 1444318727}
  serializedVersion: 5
  m_Component:
  - component: {fileID: 420898451}
  - component: {fileID: 420898452}
  m_Layer: 0
  m_Name: Reflection Probe
  m_TagString: Untagged
  m_Icon: {fileID: 0}
  m_NavMeshLayer: 0
  m_StaticEditorFlags: 0
  m_IsActive: 1
--- !u!4 &420898451
Transform:
  m_ObjectHideFlags: 0
  m_PrefabParentObject: {fileID: 4432484994539112, guid: 88c20de6c1dc0f04abeaffaac0a9a6cf,
    type: 2}
  m_PrefabInternal: {fileID: 1444318727}
  m_GameObject: {fileID: 420898450}
  m_LocalRotation: {x: -0, y: -0, z: -0, w: 1}
  m_LocalPosition: {x: 0, y: 0.06317496, z: 0.0071258545}
  m_LocalScale: {x: 1, y: 1, z: 1}
  m_Children: []
  m_Father: {fileID: 593765019}
  m_RootOrder: 0
  m_LocalEulerAnglesHint: {x: 0, y: 0, z: 0}
--- !u!215 &420898452
ReflectionProbe:
  m_ObjectHideFlags: 0
  m_PrefabParentObject: {fileID: 215996755178748940, guid: 88c20de6c1dc0f04abeaffaac0a9a6cf,
    type: 2}
  m_PrefabInternal: {fileID: 1444318727}
  m_GameObject: {fileID: 420898450}
  m_Enabled: 1
  serializedVersion: 2
  m_Type: 0
  m_Mode: 1
  m_RefreshMode: 0
  m_TimeSlicingMode: 0
  m_Resolution: 512
  m_UpdateFrequency: 0
  m_BoxSize: {x: 2.1821249, y: 2.8331733, z: 1.9228041}
  m_BoxOffset: {x: -0.06899154, y: 0.07383835, z: -0.20782173}
  m_NearClip: 0.3
  m_FarClip: 1000
  m_ShadowDistance: 100
  m_ClearFlags: 1
  m_BackGroundColor: {r: 0.19215687, g: 0.3019608, b: 0.4745098, a: 0}
  m_CullingMask:
    serializedVersion: 2
    m_Bits: 4294966271
  m_IntensityMultiplier: 1
  m_BlendDistance: 1
  m_HDR: 1
  m_BoxProjection: 0
  m_RenderDynamicObjects: 1
  m_UseOcclusionCulling: 1
  m_Importance: 1
  m_CustomBakedTexture: {fileID: 0}
--- !u!1 &431483442
GameObject:
  m_ObjectHideFlags: 0
  m_PrefabParentObject: {fileID: 1819929351950984, guid: 88c20de6c1dc0f04abeaffaac0a9a6cf,
    type: 2}
  m_PrefabInternal: {fileID: 1444318727}
  serializedVersion: 5
  m_Component:
  - component: {fileID: 431483443}
  - component: {fileID: 431483446}
  - component: {fileID: 431483445}
  - component: {fileID: 431483444}
  m_Layer: 11
  m_Name: Sphere 4/10
  m_TagString: Untagged
  m_Icon: {fileID: 0}
  m_NavMeshLayer: 0
  m_StaticEditorFlags: 4294967295
  m_IsActive: 1
--- !u!4 &431483443
Transform:
  m_ObjectHideFlags: 0
  m_PrefabParentObject: {fileID: 4021456742739614, guid: 88c20de6c1dc0f04abeaffaac0a9a6cf,
    type: 2}
  m_PrefabInternal: {fileID: 1444318727}
  m_GameObject: {fileID: 431483442}
  m_LocalRotation: {x: -0, y: -0, z: -0, w: 1}
  m_LocalPosition: {x: 3, y: 1.2, z: 0}
  m_LocalScale: {x: 1, y: 1, z: 1}
  m_Children:
  - {fileID: 401975206}
  - {fileID: 61104078}
  m_Father: {fileID: 344597736}
  m_RootOrder: 3
  m_LocalEulerAnglesHint: {x: 0, y: 0, z: 0}
--- !u!23 &431483444
MeshRenderer:
  m_ObjectHideFlags: 0
  m_PrefabParentObject: {fileID: 23117798575693392, guid: 88c20de6c1dc0f04abeaffaac0a9a6cf,
    type: 2}
  m_PrefabInternal: {fileID: 1444318727}
  m_GameObject: {fileID: 431483442}
  m_Enabled: 1
  m_CastShadows: 1
  m_ReceiveShadows: 1
  m_DynamicOccludee: 1
  m_MotionVectors: 1
  m_LightProbeUsage: 1
  m_ReflectionProbeUsage: 1
  m_Materials:
  - {fileID: 2100000, guid: eb10b6f571322b443bec8c532c088270, type: 2}
  m_StaticBatchInfo:
    firstSubMesh: 0
    subMeshCount: 0
  m_StaticBatchRoot: {fileID: 0}
  m_ProbeAnchor: {fileID: 0}
  m_LightProbeVolumeOverride: {fileID: 0}
  m_ScaleInLightmap: 1
  m_PreserveUVs: 1
  m_IgnoreNormalsForChartDetection: 0
  m_ImportantGI: 0
  m_StitchLightmapSeams: 0
  m_SelectedEditorRenderState: 3
  m_MinimumChartSize: 4
  m_AutoUVMaxDistance: 0.5
  m_AutoUVMaxAngle: 89
  m_LightmapParameters: {fileID: 0}
  m_SortingLayerID: 0
  m_SortingLayer: 0
  m_SortingOrder: 0
--- !u!135 &431483445
SphereCollider:
  m_ObjectHideFlags: 0
  m_PrefabParentObject: {fileID: 135371467963733446, guid: 88c20de6c1dc0f04abeaffaac0a9a6cf,
    type: 2}
  m_PrefabInternal: {fileID: 1444318727}
  m_GameObject: {fileID: 431483442}
  m_Material: {fileID: 0}
  m_IsTrigger: 0
  m_Enabled: 1
  serializedVersion: 2
  m_Radius: 0.5
  m_Center: {x: 0, y: 0, z: 0}
--- !u!33 &431483446
MeshFilter:
  m_ObjectHideFlags: 0
  m_PrefabParentObject: {fileID: 33890392107062636, guid: 88c20de6c1dc0f04abeaffaac0a9a6cf,
    type: 2}
  m_PrefabInternal: {fileID: 1444318727}
  m_GameObject: {fileID: 431483442}
  m_Mesh: {fileID: 10207, guid: 0000000000000000e000000000000000, type: 0}
--- !u!1 &593765018
GameObject:
  m_ObjectHideFlags: 0
  m_PrefabParentObject: {fileID: 1329241636460970, guid: 88c20de6c1dc0f04abeaffaac0a9a6cf,
    type: 2}
  m_PrefabInternal: {fileID: 1444318727}
  serializedVersion: 5
  m_Component:
  - component: {fileID: 593765019}
  - component: {fileID: 593765022}
  - component: {fileID: 593765021}
  - component: {fileID: 593765020}
  m_Layer: 10
  m_Name: Sphere 6/10
  m_TagString: Untagged
  m_Icon: {fileID: 0}
  m_NavMeshLayer: 0
  m_StaticEditorFlags: 4294967295
  m_IsActive: 1
--- !u!4 &593765019
Transform:
  m_ObjectHideFlags: 0
  m_PrefabParentObject: {fileID: 4177331993782376, guid: 88c20de6c1dc0f04abeaffaac0a9a6cf,
    type: 2}
  m_PrefabInternal: {fileID: 1444318727}
  m_GameObject: {fileID: 593765018}
  m_LocalRotation: {x: -0, y: -0, z: -0, w: 1}
  m_LocalPosition: {x: 0, y: 1.2, z: 3}
  m_LocalScale: {x: 1, y: 1, z: 1}
  m_Children:
  - {fileID: 420898451}
  - {fileID: 946670694}
  m_Father: {fileID: 344597736}
  m_RootOrder: 2
  m_LocalEulerAnglesHint: {x: 0, y: 0, z: 0}
--- !u!23 &593765020
MeshRenderer:
  m_ObjectHideFlags: 0
  m_PrefabParentObject: {fileID: 23020722786324260, guid: 88c20de6c1dc0f04abeaffaac0a9a6cf,
    type: 2}
  m_PrefabInternal: {fileID: 1444318727}
  m_GameObject: {fileID: 593765018}
  m_Enabled: 1
  m_CastShadows: 1
  m_ReceiveShadows: 1
  m_DynamicOccludee: 1
  m_MotionVectors: 1
  m_LightProbeUsage: 1
  m_ReflectionProbeUsage: 1
  m_Materials:
  - {fileID: 2100000, guid: 964f6a34e2240bf45940918b112ce7be, type: 2}
  m_StaticBatchInfo:
    firstSubMesh: 0
    subMeshCount: 0
  m_StaticBatchRoot: {fileID: 0}
  m_ProbeAnchor: {fileID: 0}
  m_LightProbeVolumeOverride: {fileID: 0}
  m_ScaleInLightmap: 1
  m_PreserveUVs: 1
  m_IgnoreNormalsForChartDetection: 0
  m_ImportantGI: 0
  m_StitchLightmapSeams: 0
  m_SelectedEditorRenderState: 3
  m_MinimumChartSize: 4
  m_AutoUVMaxDistance: 0.5
  m_AutoUVMaxAngle: 89
  m_LightmapParameters: {fileID: 0}
  m_SortingLayerID: 0
  m_SortingLayer: 0
  m_SortingOrder: 0
--- !u!135 &593765021
SphereCollider:
  m_ObjectHideFlags: 0
  m_PrefabParentObject: {fileID: 135817325491017912, guid: 88c20de6c1dc0f04abeaffaac0a9a6cf,
    type: 2}
  m_PrefabInternal: {fileID: 1444318727}
  m_GameObject: {fileID: 593765018}
  m_Material: {fileID: 0}
  m_IsTrigger: 0
  m_Enabled: 1
  serializedVersion: 2
  m_Radius: 0.5
  m_Center: {x: 0, y: 0, z: 0}
--- !u!33 &593765022
MeshFilter:
  m_ObjectHideFlags: 0
  m_PrefabParentObject: {fileID: 33736040794150394, guid: 88c20de6c1dc0f04abeaffaac0a9a6cf,
    type: 2}
  m_PrefabInternal: {fileID: 1444318727}
  m_GameObject: {fileID: 593765018}
  m_Mesh: {fileID: 10207, guid: 0000000000000000e000000000000000, type: 0}
--- !u!1 &946670693
GameObject:
  m_ObjectHideFlags: 0
  m_PrefabParentObject: {fileID: 1355006576138142, guid: 88c20de6c1dc0f04abeaffaac0a9a6cf,
    type: 2}
  m_PrefabInternal: {fileID: 1444318727}
  serializedVersion: 5
  m_Component:
  - component: {fileID: 946670694}
  - component: {fileID: 946670697}
  - component: {fileID: 946670696}
  - component: {fileID: 946670695}
  m_Layer: 10
  m_Name: Cube
  m_TagString: Untagged
  m_Icon: {fileID: 0}
  m_NavMeshLayer: 0
  m_StaticEditorFlags: 4294967295
  m_IsActive: 1
--- !u!4 &946670694
Transform:
  m_ObjectHideFlags: 0
  m_PrefabParentObject: {fileID: 4617857512883566, guid: 88c20de6c1dc0f04abeaffaac0a9a6cf,
    type: 2}
  m_PrefabInternal: {fileID: 1444318727}
  m_GameObject: {fileID: 946670693}
  m_LocalRotation: {x: -0, y: -0, z: -0, w: 1}
  m_LocalPosition: {x: 0, y: -0.70000005, z: 0}
  m_LocalScale: {x: 1, y: 1, z: 1}
  m_Children: []
  m_Father: {fileID: 593765019}
  m_RootOrder: 1
  m_LocalEulerAnglesHint: {x: 0, y: 0, z: 0}
--- !u!23 &946670695
MeshRenderer:
  m_ObjectHideFlags: 0
  m_PrefabParentObject: {fileID: 23684612604043742, guid: 88c20de6c1dc0f04abeaffaac0a9a6cf,
    type: 2}
  m_PrefabInternal: {fileID: 1444318727}
  m_GameObject: {fileID: 946670693}
  m_Enabled: 1
  m_CastShadows: 1
  m_ReceiveShadows: 1
  m_DynamicOccludee: 1
  m_MotionVectors: 1
  m_LightProbeUsage: 1
  m_ReflectionProbeUsage: 2
  m_Materials:
  - {fileID: 2100000, guid: 964f6a34e2240bf45940918b112ce7be, type: 2}
  m_StaticBatchInfo:
    firstSubMesh: 0
    subMeshCount: 0
  m_StaticBatchRoot: {fileID: 0}
  m_ProbeAnchor: {fileID: 0}
  m_LightProbeVolumeOverride: {fileID: 0}
  m_ScaleInLightmap: 1
  m_PreserveUVs: 1
  m_IgnoreNormalsForChartDetection: 0
  m_ImportantGI: 0
  m_StitchLightmapSeams: 0
  m_SelectedEditorRenderState: 3
  m_MinimumChartSize: 4
  m_AutoUVMaxDistance: 0.5
  m_AutoUVMaxAngle: 89
  m_LightmapParameters: {fileID: 0}
  m_SortingLayerID: 0
  m_SortingLayer: 0
  m_SortingOrder: 0
--- !u!65 &946670696
BoxCollider:
  m_ObjectHideFlags: 0
  m_PrefabParentObject: {fileID: 65838407286517214, guid: 88c20de6c1dc0f04abeaffaac0a9a6cf,
    type: 2}
  m_PrefabInternal: {fileID: 1444318727}
  m_GameObject: {fileID: 946670693}
  m_Material: {fileID: 0}
  m_IsTrigger: 0
  m_Enabled: 1
  serializedVersion: 2
  m_Size: {x: 1, y: 1, z: 1}
  m_Center: {x: 0, y: 0, z: 0}
--- !u!33 &946670697
MeshFilter:
  m_ObjectHideFlags: 0
  m_PrefabParentObject: {fileID: 33725590161859174, guid: 88c20de6c1dc0f04abeaffaac0a9a6cf,
    type: 2}
  m_PrefabInternal: {fileID: 1444318727}
  m_GameObject: {fileID: 946670693}
  m_Mesh: {fileID: 10202, guid: 0000000000000000e000000000000000, type: 0}
--- !u!1 &1187837679
GameObject:
  m_ObjectHideFlags: 0
  m_PrefabParentObject: {fileID: 1620181905657374, guid: 88c20de6c1dc0f04abeaffaac0a9a6cf,
    type: 2}
  m_PrefabInternal: {fileID: 1444318727}
  serializedVersion: 5
  m_Component:
  - component: {fileID: 1187837680}
  - component: {fileID: 1187837683}
  - component: {fileID: 1187837682}
  - component: {fileID: 1187837681}
  m_Layer: 12
  m_Name: Sphere 2/10
  m_TagString: Untagged
  m_Icon: {fileID: 0}
  m_NavMeshLayer: 0
  m_StaticEditorFlags: 4294967295
  m_IsActive: 1
--- !u!4 &1187837680
Transform:
  m_ObjectHideFlags: 0
  m_PrefabParentObject: {fileID: 4334560254728742, guid: 88c20de6c1dc0f04abeaffaac0a9a6cf,
    type: 2}
  m_PrefabInternal: {fileID: 1444318727}
  m_GameObject: {fileID: 1187837679}
  m_LocalRotation: {x: -0, y: -0, z: -0, w: 1}
  m_LocalPosition: {x: 0, y: 1.2, z: -3}
  m_LocalScale: {x: 1, y: 1, z: 1}
  m_Children:
  - {fileID: 273929195}
  m_Father: {fileID: 344597736}
  m_RootOrder: 4
  m_LocalEulerAnglesHint: {x: 0, y: 0, z: 0}
--- !u!23 &1187837681
MeshRenderer:
  m_ObjectHideFlags: 0
  m_PrefabParentObject: {fileID: 23670919240028110, guid: 88c20de6c1dc0f04abeaffaac0a9a6cf,
    type: 2}
  m_PrefabInternal: {fileID: 1444318727}
  m_GameObject: {fileID: 1187837679}
  m_Enabled: 1
  m_CastShadows: 1
  m_ReceiveShadows: 1
  m_DynamicOccludee: 1
  m_MotionVectors: 1
  m_LightProbeUsage: 1
  m_ReflectionProbeUsage: 2
  m_Materials:
  - {fileID: 2100000, guid: db3bceb128d32144ca6fd4550ac256bc, type: 2}
  m_StaticBatchInfo:
    firstSubMesh: 0
    subMeshCount: 0
  m_StaticBatchRoot: {fileID: 0}
  m_ProbeAnchor: {fileID: 0}
  m_LightProbeVolumeOverride: {fileID: 0}
  m_ScaleInLightmap: 1
  m_PreserveUVs: 1
  m_IgnoreNormalsForChartDetection: 0
  m_ImportantGI: 0
  m_StitchLightmapSeams: 0
  m_SelectedEditorRenderState: 3
  m_MinimumChartSize: 4
  m_AutoUVMaxDistance: 0.5
  m_AutoUVMaxAngle: 89
  m_LightmapParameters: {fileID: 0}
  m_SortingLayerID: 0
  m_SortingLayer: 0
  m_SortingOrder: 0
--- !u!135 &1187837682
SphereCollider:
  m_ObjectHideFlags: 0
  m_PrefabParentObject: {fileID: 135437102159556278, guid: 88c20de6c1dc0f04abeaffaac0a9a6cf,
    type: 2}
  m_PrefabInternal: {fileID: 1444318727}
  m_GameObject: {fileID: 1187837679}
  m_Material: {fileID: 0}
  m_IsTrigger: 0
  m_Enabled: 1
  serializedVersion: 2
  m_Radius: 0.5
  m_Center: {x: 0, y: 0, z: 0}
--- !u!33 &1187837683
MeshFilter:
  m_ObjectHideFlags: 0
  m_PrefabParentObject: {fileID: 33143664628153274, guid: 88c20de6c1dc0f04abeaffaac0a9a6cf,
    type: 2}
  m_PrefabInternal: {fileID: 1444318727}
  m_GameObject: {fileID: 1187837679}
  m_Mesh: {fileID: 10207, guid: 0000000000000000e000000000000000, type: 0}
--- !u!1 &1374205345
GameObject:
  m_ObjectHideFlags: 0
  m_PrefabParentObject: {fileID: 1480376389656750, guid: 88c20de6c1dc0f04abeaffaac0a9a6cf,
    type: 2}
  m_PrefabInternal: {fileID: 1444318727}
  serializedVersion: 5
  m_Component:
  - component: {fileID: 1374205346}
  - component: {fileID: 1374205349}
  - component: {fileID: 1374205348}
  - component: {fileID: 1374205347}
  m_Layer: 0
  m_Name: Plane
  m_TagString: Untagged
  m_Icon: {fileID: 0}
  m_NavMeshLayer: 0
  m_StaticEditorFlags: 4294967295
  m_IsActive: 1
--- !u!4 &1374205346
Transform:
  m_ObjectHideFlags: 0
  m_PrefabParentObject: {fileID: 4966989887771852, guid: 88c20de6c1dc0f04abeaffaac0a9a6cf,
    type: 2}
  m_PrefabInternal: {fileID: 1444318727}
  m_GameObject: {fileID: 1374205345}
  m_LocalRotation: {x: -0, y: -0, z: -0, w: 1}
  m_LocalPosition: {x: 0, y: 0, z: 0}
  m_LocalScale: {x: 1, y: 1, z: 1}
  m_Children: []
  m_Father: {fileID: 344597736}
  m_RootOrder: 5
  m_LocalEulerAnglesHint: {x: 0, y: 0, z: 0}
--- !u!23 &1374205347
MeshRenderer:
  m_ObjectHideFlags: 0
  m_PrefabParentObject: {fileID: 23470101336099490, guid: 88c20de6c1dc0f04abeaffaac0a9a6cf,
    type: 2}
  m_PrefabInternal: {fileID: 1444318727}
  m_GameObject: {fileID: 1374205345}
  m_Enabled: 1
  m_CastShadows: 1
  m_ReceiveShadows: 1
  m_DynamicOccludee: 1
  m_MotionVectors: 1
  m_LightProbeUsage: 1
  m_ReflectionProbeUsage: 3
  m_Materials:
  - {fileID: 2100000, guid: db3bceb128d32144ca6fd4550ac256bc, type: 2}
  m_StaticBatchInfo:
    firstSubMesh: 0
    subMeshCount: 0
  m_StaticBatchRoot: {fileID: 0}
  m_ProbeAnchor: {fileID: 0}
  m_LightProbeVolumeOverride: {fileID: 0}
  m_ScaleInLightmap: 1
  m_PreserveUVs: 1
  m_IgnoreNormalsForChartDetection: 0
  m_ImportantGI: 0
  m_StitchLightmapSeams: 0
  m_SelectedEditorRenderState: 3
  m_MinimumChartSize: 4
  m_AutoUVMaxDistance: 0.5
  m_AutoUVMaxAngle: 89
  m_LightmapParameters: {fileID: 0}
  m_SortingLayerID: 0
  m_SortingLayer: 0
  m_SortingOrder: 0
--- !u!64 &1374205348
MeshCollider:
  m_ObjectHideFlags: 0
  m_PrefabParentObject: {fileID: 64592609569433778, guid: 88c20de6c1dc0f04abeaffaac0a9a6cf,
    type: 2}
  m_PrefabInternal: {fileID: 1444318727}
  m_GameObject: {fileID: 1374205345}
  m_Material: {fileID: 0}
  m_IsTrigger: 0
  m_Enabled: 1
  serializedVersion: 3
  m_Convex: 0
  m_CookingOptions: 14
  m_SkinWidth: 0.01
  m_Mesh: {fileID: 10209, guid: 0000000000000000e000000000000000, type: 0}
--- !u!33 &1374205349
MeshFilter:
  m_ObjectHideFlags: 0
  m_PrefabParentObject: {fileID: 33306647192945968, guid: 88c20de6c1dc0f04abeaffaac0a9a6cf,
    type: 2}
  m_PrefabInternal: {fileID: 1444318727}
  m_GameObject: {fileID: 1374205345}
  m_Mesh: {fileID: 10209, guid: 0000000000000000e000000000000000, type: 0}
--- !u!1 &1442484299
GameObject:
  m_ObjectHideFlags: 0
  m_PrefabParentObject: {fileID: 1646325129500086, guid: 88c20de6c1dc0f04abeaffaac0a9a6cf,
    type: 2}
  m_PrefabInternal: {fileID: 1444318727}
  serializedVersion: 5
  m_Component:
  - component: {fileID: 1442484300}
  - component: {fileID: 1442484303}
  - component: {fileID: 1442484302}
  - component: {fileID: 1442484301}
  m_Layer: 9
  m_Name: Cube
  m_TagString: Untagged
  m_Icon: {fileID: 0}
  m_NavMeshLayer: 0
  m_StaticEditorFlags: 4294967295
  m_IsActive: 1
--- !u!4 &1442484300
Transform:
  m_ObjectHideFlags: 0
  m_PrefabParentObject: {fileID: 4585164413535350, guid: 88c20de6c1dc0f04abeaffaac0a9a6cf,
    type: 2}
  m_PrefabInternal: {fileID: 1444318727}
  m_GameObject: {fileID: 1442484299}
  m_LocalRotation: {x: -0, y: -0, z: -0, w: 1}
  m_LocalPosition: {x: 0, y: -0.70000005, z: 0}
  m_LocalScale: {x: 1, y: 1, z: 1}
  m_Children: []
  m_Father: {fileID: 2138201745}
  m_RootOrder: 0
  m_LocalEulerAnglesHint: {x: 0, y: 0, z: 0}
--- !u!23 &1442484301
MeshRenderer:
  m_ObjectHideFlags: 0
  m_PrefabParentObject: {fileID: 23372505803334854, guid: 88c20de6c1dc0f04abeaffaac0a9a6cf,
    type: 2}
  m_PrefabInternal: {fileID: 1444318727}
  m_GameObject: {fileID: 1442484299}
  m_Enabled: 1
  m_CastShadows: 1
  m_ReceiveShadows: 1
  m_DynamicOccludee: 1
  m_MotionVectors: 1
  m_LightProbeUsage: 1
  m_ReflectionProbeUsage: 2
  m_Materials:
  - {fileID: 2100000, guid: abcc3c67b7d0a794f8bb91be4e85abdd, type: 2}
  m_StaticBatchInfo:
    firstSubMesh: 0
    subMeshCount: 0
  m_StaticBatchRoot: {fileID: 0}
  m_ProbeAnchor: {fileID: 0}
  m_LightProbeVolumeOverride: {fileID: 0}
  m_ScaleInLightmap: 1
  m_PreserveUVs: 1
  m_IgnoreNormalsForChartDetection: 0
  m_ImportantGI: 0
  m_StitchLightmapSeams: 0
  m_SelectedEditorRenderState: 3
  m_MinimumChartSize: 4
  m_AutoUVMaxDistance: 0.5
  m_AutoUVMaxAngle: 89
  m_LightmapParameters: {fileID: 0}
  m_SortingLayerID: 0
  m_SortingLayer: 0
  m_SortingOrder: 0
--- !u!65 &1442484302
BoxCollider:
  m_ObjectHideFlags: 0
  m_PrefabParentObject: {fileID: 65485205355047570, guid: 88c20de6c1dc0f04abeaffaac0a9a6cf,
    type: 2}
  m_PrefabInternal: {fileID: 1444318727}
  m_GameObject: {fileID: 1442484299}
  m_Material: {fileID: 0}
  m_IsTrigger: 0
  m_Enabled: 1
  serializedVersion: 2
  m_Size: {x: 1, y: 1, z: 1}
  m_Center: {x: 0, y: 0, z: 0}
--- !u!33 &1442484303
MeshFilter:
  m_ObjectHideFlags: 0
  m_PrefabParentObject: {fileID: 33235840402209806, guid: 88c20de6c1dc0f04abeaffaac0a9a6cf,
    type: 2}
  m_PrefabInternal: {fileID: 1444318727}
  m_GameObject: {fileID: 1442484299}
  m_Mesh: {fileID: 10202, guid: 0000000000000000e000000000000000, type: 0}
--- !u!1001 &1444318727
Prefab:
  m_ObjectHideFlags: 0
  serializedVersion: 2
  m_Modification:
    m_TransformParent: {fileID: 0}
    m_Modifications:
    - target: {fileID: 4934344442018756, guid: 88c20de6c1dc0f04abeaffaac0a9a6cf, type: 2}
      propertyPath: m_LocalPosition.x
      value: 0
      objectReference: {fileID: 0}
    - target: {fileID: 4934344442018756, guid: 88c20de6c1dc0f04abeaffaac0a9a6cf, type: 2}
      propertyPath: m_LocalPosition.y
      value: 0
      objectReference: {fileID: 0}
    - target: {fileID: 4934344442018756, guid: 88c20de6c1dc0f04abeaffaac0a9a6cf, type: 2}
      propertyPath: m_LocalPosition.z
      value: 0
      objectReference: {fileID: 0}
    - target: {fileID: 4934344442018756, guid: 88c20de6c1dc0f04abeaffaac0a9a6cf, type: 2}
      propertyPath: m_LocalRotation.x
      value: 0
      objectReference: {fileID: 0}
    - target: {fileID: 4934344442018756, guid: 88c20de6c1dc0f04abeaffaac0a9a6cf, type: 2}
      propertyPath: m_LocalRotation.y
      value: 0
      objectReference: {fileID: 0}
    - target: {fileID: 4934344442018756, guid: 88c20de6c1dc0f04abeaffaac0a9a6cf, type: 2}
      propertyPath: m_LocalRotation.z
      value: 0
      objectReference: {fileID: 0}
    - target: {fileID: 4934344442018756, guid: 88c20de6c1dc0f04abeaffaac0a9a6cf, type: 2}
      propertyPath: m_LocalRotation.w
      value: 1
      objectReference: {fileID: 0}
    - target: {fileID: 4934344442018756, guid: 88c20de6c1dc0f04abeaffaac0a9a6cf, type: 2}
      propertyPath: m_RootOrder
      value: 1
      objectReference: {fileID: 0}
    m_RemovedComponents: []
  m_ParentPrefab: {fileID: 100100000, guid: 88c20de6c1dc0f04abeaffaac0a9a6cf, type: 2}
  m_RootGameObject: {fileID: 344597735}
  m_IsPrefabParent: 0
--- !u!1 &1554570363
GameObject:
  m_ObjectHideFlags: 0
  m_PrefabParentObject: {fileID: 1139115104988334, guid: 88c20de6c1dc0f04abeaffaac0a9a6cf,
    type: 2}
  m_PrefabInternal: {fileID: 1444318727}
  serializedVersion: 5
  m_Component:
  - component: {fileID: 1554570364}
  - component: {fileID: 1554570367}
  - component: {fileID: 1554570366}
  - component: {fileID: 1554570365}
  m_Layer: 8
  m_Name: Sphere
  m_TagString: Untagged
  m_Icon: {fileID: 0}
  m_NavMeshLayer: 0
  m_StaticEditorFlags: 4294967295
  m_IsActive: 1
--- !u!4 &1554570364
Transform:
  m_ObjectHideFlags: 0
  m_PrefabParentObject: {fileID: 4138420152205064, guid: 88c20de6c1dc0f04abeaffaac0a9a6cf,
    type: 2}
  m_PrefabInternal: {fileID: 1444318727}
  m_GameObject: {fileID: 1554570363}
  m_LocalRotation: {x: -0, y: -0, z: -0, w: 1}
  m_LocalPosition: {x: 0, y: 1.2, z: 0}
  m_LocalScale: {x: 1, y: 1, z: 1}
  m_Children:
  - {fileID: 1574004547}
  - {fileID: 2105594647}
  m_Father: {fileID: 344597736}
  m_RootOrder: 0
  m_LocalEulerAnglesHint: {x: 0, y: 0, z: 0}
--- !u!23 &1554570365
MeshRenderer:
  m_ObjectHideFlags: 0
  m_PrefabParentObject: {fileID: 23511426113429424, guid: 88c20de6c1dc0f04abeaffaac0a9a6cf,
    type: 2}
  m_PrefabInternal: {fileID: 1444318727}
  m_GameObject: {fileID: 1554570363}
  m_Enabled: 1
  m_CastShadows: 1
  m_ReceiveShadows: 1
  m_DynamicOccludee: 1
  m_MotionVectors: 1
  m_LightProbeUsage: 1
  m_ReflectionProbeUsage: 1
  m_Materials:
  - {fileID: 2100000, guid: 1b27a20a436b4c64b882a6f739bf91de, type: 2}
  m_StaticBatchInfo:
    firstSubMesh: 0
    subMeshCount: 0
  m_StaticBatchRoot: {fileID: 0}
  m_ProbeAnchor: {fileID: 0}
  m_LightProbeVolumeOverride: {fileID: 0}
  m_ScaleInLightmap: 1
  m_PreserveUVs: 1
  m_IgnoreNormalsForChartDetection: 0
  m_ImportantGI: 0
  m_StitchLightmapSeams: 0
  m_SelectedEditorRenderState: 3
  m_MinimumChartSize: 4
  m_AutoUVMaxDistance: 0.5
  m_AutoUVMaxAngle: 89
  m_LightmapParameters: {fileID: 0}
  m_SortingLayerID: 0
  m_SortingLayer: 0
  m_SortingOrder: 0
--- !u!135 &1554570366
SphereCollider:
  m_ObjectHideFlags: 0
  m_PrefabParentObject: {fileID: 135546264044914442, guid: 88c20de6c1dc0f04abeaffaac0a9a6cf,
    type: 2}
  m_PrefabInternal: {fileID: 1444318727}
  m_GameObject: {fileID: 1554570363}
  m_Material: {fileID: 0}
  m_IsTrigger: 0
  m_Enabled: 1
  serializedVersion: 2
  m_Radius: 0.5
  m_Center: {x: 0, y: 0, z: 0}
--- !u!33 &1554570367
MeshFilter:
  m_ObjectHideFlags: 0
  m_PrefabParentObject: {fileID: 33105653230305072, guid: 88c20de6c1dc0f04abeaffaac0a9a6cf,
    type: 2}
  m_PrefabInternal: {fileID: 1444318727}
  m_GameObject: {fileID: 1554570363}
  m_Mesh: {fileID: 10207, guid: 0000000000000000e000000000000000, type: 0}
--- !u!1 &1574004546
GameObject:
  m_ObjectHideFlags: 0
  m_PrefabParentObject: {fileID: 1425739068514518, guid: 88c20de6c1dc0f04abeaffaac0a9a6cf,
    type: 2}
  m_PrefabInternal: {fileID: 1444318727}
  serializedVersion: 5
  m_Component:
  - component: {fileID: 1574004547}
  - component: {fileID: 1574004548}
  m_Layer: 0
  m_Name: Reflection Probe
  m_TagString: Untagged
  m_Icon: {fileID: 0}
  m_NavMeshLayer: 0
  m_StaticEditorFlags: 0
  m_IsActive: 1
--- !u!4 &1574004547
Transform:
  m_ObjectHideFlags: 0
  m_PrefabParentObject: {fileID: 4123922415482610, guid: 88c20de6c1dc0f04abeaffaac0a9a6cf,
    type: 2}
  m_PrefabInternal: {fileID: 1444318727}
  m_GameObject: {fileID: 1574004546}
  m_LocalRotation: {x: -0, y: -0, z: -0, w: 1}
  m_LocalPosition: {x: 0, y: 0.06317496, z: 0}
  m_LocalScale: {x: 1, y: 1, z: 1}
  m_Children: []
  m_Father: {fileID: 1554570364}
  m_RootOrder: 0
  m_LocalEulerAnglesHint: {x: 0, y: 0, z: 0}
--- !u!215 &1574004548
ReflectionProbe:
  m_ObjectHideFlags: 0
  m_PrefabParentObject: {fileID: 215273260888228516, guid: 88c20de6c1dc0f04abeaffaac0a9a6cf,
    type: 2}
  m_PrefabInternal: {fileID: 1444318727}
  m_GameObject: {fileID: 1574004546}
  m_Enabled: 1
  serializedVersion: 2
  m_Type: 0
  m_Mode: 1
  m_RefreshMode: 0
  m_TimeSlicingMode: 0
  m_Resolution: 512
  m_UpdateFrequency: 0
  m_BoxSize: {x: 2.1821249, y: 2.8331733, z: 2.4755678}
  m_BoxOffset: {x: -0.06899154, y: 0.07383835, z: -0.23206663}
  m_NearClip: 0.3
  m_FarClip: 1000
  m_ShadowDistance: 100
  m_ClearFlags: 1
  m_BackGroundColor: {r: 0.19215687, g: 0.3019608, b: 0.4745098, a: 0}
  m_CullingMask:
    serializedVersion: 2
    m_Bits: 4294967039
  m_IntensityMultiplier: 1
  m_BlendDistance: 1
  m_HDR: 1
  m_BoxProjection: 0
  m_RenderDynamicObjects: 1
  m_UseOcclusionCulling: 1
  m_Importance: 1
  m_CustomBakedTexture: {fileID: 0}
--- !u!1 &2105594646
GameObject:
  m_ObjectHideFlags: 0
  m_PrefabParentObject: {fileID: 1228426782513836, guid: 88c20de6c1dc0f04abeaffaac0a9a6cf,
    type: 2}
  m_PrefabInternal: {fileID: 1444318727}
  serializedVersion: 5
  m_Component:
  - component: {fileID: 2105594647}
  - component: {fileID: 2105594650}
  - component: {fileID: 2105594649}
  - component: {fileID: 2105594648}
  m_Layer: 8
  m_Name: Cube
  m_TagString: Untagged
  m_Icon: {fileID: 0}
  m_NavMeshLayer: 0
  m_StaticEditorFlags: 4294967295
  m_IsActive: 1
--- !u!4 &2105594647
Transform:
  m_ObjectHideFlags: 0
  m_PrefabParentObject: {fileID: 4137155754746954, guid: 88c20de6c1dc0f04abeaffaac0a9a6cf,
    type: 2}
  m_PrefabInternal: {fileID: 1444318727}
  m_GameObject: {fileID: 2105594646}
  m_LocalRotation: {x: -0, y: -0, z: -0, w: 1}
  m_LocalPosition: {x: 0, y: -0.70000005, z: 0}
  m_LocalScale: {x: 1, y: 1, z: 1}
  m_Children: []
  m_Father: {fileID: 1554570364}
  m_RootOrder: 1
  m_LocalEulerAnglesHint: {x: 0, y: 0, z: 0}
--- !u!23 &2105594648
MeshRenderer:
  m_ObjectHideFlags: 0
  m_PrefabParentObject: {fileID: 23589372559137094, guid: 88c20de6c1dc0f04abeaffaac0a9a6cf,
    type: 2}
  m_PrefabInternal: {fileID: 1444318727}
  m_GameObject: {fileID: 2105594646}
  m_Enabled: 1
  m_CastShadows: 1
  m_ReceiveShadows: 1
  m_DynamicOccludee: 1
  m_MotionVectors: 1
  m_LightProbeUsage: 1
  m_ReflectionProbeUsage: 2
  m_Materials:
  - {fileID: 2100000, guid: 1b27a20a436b4c64b882a6f739bf91de, type: 2}
  m_StaticBatchInfo:
    firstSubMesh: 0
    subMeshCount: 0
  m_StaticBatchRoot: {fileID: 0}
  m_ProbeAnchor: {fileID: 0}
  m_LightProbeVolumeOverride: {fileID: 0}
  m_ScaleInLightmap: 1
  m_PreserveUVs: 1
  m_IgnoreNormalsForChartDetection: 0
  m_ImportantGI: 0
  m_StitchLightmapSeams: 0
  m_SelectedEditorRenderState: 3
  m_MinimumChartSize: 4
  m_AutoUVMaxDistance: 0.5
  m_AutoUVMaxAngle: 89
  m_LightmapParameters: {fileID: 0}
  m_SortingLayerID: 0
  m_SortingLayer: 0
  m_SortingOrder: 0
--- !u!65 &2105594649
BoxCollider:
  m_ObjectHideFlags: 0
  m_PrefabParentObject: {fileID: 65163136216855282, guid: 88c20de6c1dc0f04abeaffaac0a9a6cf,
    type: 2}
  m_PrefabInternal: {fileID: 1444318727}
  m_GameObject: {fileID: 2105594646}
  m_Material: {fileID: 0}
  m_IsTrigger: 0
  m_Enabled: 1
  serializedVersion: 2
  m_Size: {x: 1, y: 1, z: 1}
  m_Center: {x: 0, y: 0, z: 0}
--- !u!33 &2105594650
MeshFilter:
  m_ObjectHideFlags: 0
  m_PrefabParentObject: {fileID: 33456869383265282, guid: 88c20de6c1dc0f04abeaffaac0a9a6cf,
    type: 2}
  m_PrefabInternal: {fileID: 1444318727}
  m_GameObject: {fileID: 2105594646}
  m_Mesh: {fileID: 10202, guid: 0000000000000000e000000000000000, type: 0}
--- !u!1 &2138201744
GameObject:
  m_ObjectHideFlags: 0
  m_PrefabParentObject: {fileID: 1781536671759404, guid: 88c20de6c1dc0f04abeaffaac0a9a6cf,
    type: 2}
  m_PrefabInternal: {fileID: 1444318727}
  serializedVersion: 5
  m_Component:
  - component: {fileID: 2138201745}
  - component: {fileID: 2138201748}
  - component: {fileID: 2138201747}
  - component: {fileID: 2138201746}
  m_Layer: 9
  m_Name: Sphere 8/10
  m_TagString: Untagged
  m_Icon: {fileID: 0}
  m_NavMeshLayer: 0
  m_StaticEditorFlags: 4294967295
  m_IsActive: 1
--- !u!4 &2138201745
Transform:
  m_ObjectHideFlags: 0
  m_PrefabParentObject: {fileID: 4352419248395864, guid: 88c20de6c1dc0f04abeaffaac0a9a6cf,
    type: 2}
  m_PrefabInternal: {fileID: 1444318727}
  m_GameObject: {fileID: 2138201744}
  m_LocalRotation: {x: -0, y: -0, z: -0, w: 1}
  m_LocalPosition: {x: -3, y: 1.2, z: 0}
  m_LocalScale: {x: 1, y: 1, z: 1}
  m_Children:
  - {fileID: 1442484300}
  - {fileID: 94677695}
  m_Father: {fileID: 344597736}
  m_RootOrder: 1
  m_LocalEulerAnglesHint: {x: 0, y: 0, z: 0}
--- !u!23 &2138201746
MeshRenderer:
  m_ObjectHideFlags: 0
  m_PrefabParentObject: {fileID: 23824224364445998, guid: 88c20de6c1dc0f04abeaffaac0a9a6cf,
    type: 2}
  m_PrefabInternal: {fileID: 1444318727}
  m_GameObject: {fileID: 2138201744}
  m_Enabled: 1
  m_CastShadows: 1
  m_ReceiveShadows: 1
  m_DynamicOccludee: 1
  m_MotionVectors: 1
  m_LightProbeUsage: 1
  m_ReflectionProbeUsage: 2
  m_Materials:
  - {fileID: 2100000, guid: abcc3c67b7d0a794f8bb91be4e85abdd, type: 2}
  m_StaticBatchInfo:
    firstSubMesh: 0
    subMeshCount: 0
  m_StaticBatchRoot: {fileID: 0}
  m_ProbeAnchor: {fileID: 0}
  m_LightProbeVolumeOverride: {fileID: 0}
  m_ScaleInLightmap: 1
  m_PreserveUVs: 1
  m_IgnoreNormalsForChartDetection: 0
  m_ImportantGI: 0
  m_StitchLightmapSeams: 0
  m_SelectedEditorRenderState: 3
  m_MinimumChartSize: 4
  m_AutoUVMaxDistance: 0.5
  m_AutoUVMaxAngle: 89
  m_LightmapParameters: {fileID: 0}
  m_SortingLayerID: 0
  m_SortingLayer: 0
  m_SortingOrder: 0
--- !u!135 &2138201747
SphereCollider:
  m_ObjectHideFlags: 0
  m_PrefabParentObject: {fileID: 135739201101128418, guid: 88c20de6c1dc0f04abeaffaac0a9a6cf,
    type: 2}
  m_PrefabInternal: {fileID: 1444318727}
  m_GameObject: {fileID: 2138201744}
  m_Material: {fileID: 0}
  m_IsTrigger: 0
  m_Enabled: 1
  serializedVersion: 2
  m_Radius: 0.5
  m_Center: {x: 0, y: 0, z: 0}
--- !u!33 &2138201748
MeshFilter:
  m_ObjectHideFlags: 0
  m_PrefabParentObject: {fileID: 33338442592528420, guid: 88c20de6c1dc0f04abeaffaac0a9a6cf,
    type: 2}
  m_PrefabInternal: {fileID: 1444318727}
  m_GameObject: {fileID: 2138201744}
  m_Mesh: {fileID: 10207, guid: 0000000000000000e000000000000000, type: 0}
