%YAML 1.1
%TAG !u! tag:unity3d.com,2011:
--- !u!29 &1
OcclusionCullingSettings:
  m_ObjectHideFlags: 0
  serializedVersion: 2
  m_OcclusionBakeSettings:
    smallestOccluder: 5
    smallestHole: 0.25
    backfaceThreshold: 100
  m_SceneGUID: 00000000000000000000000000000000
  m_OcclusionCullingData: {fileID: 0}
--- !u!104 &2
RenderSettings:
  m_ObjectHideFlags: 0
  serializedVersion: 8
  m_Fog: 0
  m_FogColor: {r: 0.5, g: 0.5, b: 0.5, a: 1}
  m_FogMode: 3
  m_FogDensity: 0.9
  m_LinearFogStart: 0
  m_LinearFogEnd: 300
  m_AmbientSkyColor: {r: 0.212, g: 0.227, b: 0.259, a: 1}
  m_AmbientEquatorColor: {r: 0.114, g: 0.125, b: 0.133, a: 1}
  m_AmbientGroundColor: {r: 0.047, g: 0.043, b: 0.035, a: 1}
  m_AmbientIntensity: 1
  m_AmbientMode: 1
  m_SubtractiveShadowColor: {r: 0.42, g: 0.478, b: 0.627, a: 1}
  m_SkyboxMaterial: {fileID: 2100000, guid: efd1c33efd2d58340b88804268e6833f, type: 2}
  m_HaloStrength: 0.5
  m_FlareStrength: 1
  m_FlareFadeSpeed: 3
  m_HaloTexture: {fileID: 0}
  m_SpotCookie: {fileID: 10001, guid: 0000000000000000e000000000000000, type: 0}
  m_DefaultReflectionMode: 1
  m_DefaultReflectionResolution: 1024
  m_ReflectionBounces: 1
  m_ReflectionIntensity: 0
  m_CustomReflection: {fileID: 0}
  m_Sun: {fileID: 0}
  m_IndirectSpecularColor: {r: 0, g: 0, b: 0, a: 0}
--- !u!157 &4
LightmapSettings:
  m_ObjectHideFlags: 0
  serializedVersion: 11
  m_GIWorkflowMode: 1
  m_GISettings:
    serializedVersion: 2
    m_BounceScale: 1
    m_IndirectOutputScale: 1
    m_AlbedoBoost: 1
    m_TemporalCoherenceThreshold: 1
    m_EnvironmentLightingMode: 0
    m_EnableBakedLightmaps: 0
    m_EnableRealtimeLightmaps: 0
  m_LightmapEditorSettings:
    serializedVersion: 9
    m_Resolution: 2
    m_BakeResolution: 40
    m_TextureWidth: 1024
    m_TextureHeight: 1024
    m_AO: 0
    m_AOMaxDistance: 1
    m_CompAOExponent: 0
    m_CompAOExponentDirect: 0
    m_Padding: 2
    m_LightmapParameters: {fileID: 0}
    m_LightmapsBakeMode: 1
    m_TextureCompression: 1
    m_FinalGather: 0
    m_FinalGatherFiltering: 1
    m_FinalGatherRayCount: 1024
    m_ReflectionCompression: 2
    m_MixedBakeMode: 1
    m_BakeBackend: 0
    m_PVRSampling: 1
    m_PVRDirectSampleCount: 32
    m_PVRSampleCount: 500
    m_PVRBounces: 2
    m_PVRFilterTypeDirect: 0
    m_PVRFilterTypeIndirect: 0
    m_PVRFilterTypeAO: 0
    m_PVRFilteringMode: 1
    m_PVRCulling: 1
    m_PVRFilteringGaussRadiusDirect: 1
    m_PVRFilteringGaussRadiusIndirect: 5
    m_PVRFilteringGaussRadiusAO: 2
    m_PVRFilteringAtrousPositionSigmaDirect: 0.5
    m_PVRFilteringAtrousPositionSigmaIndirect: 2
    m_PVRFilteringAtrousPositionSigmaAO: 1
    m_ShowResolutionOverlay: 1
  m_LightingDataAsset: {fileID: 112000002, guid: 2e43b52d5f5f5ae49a33651dc5f8e8d6,
    type: 2}
  m_UseShadowmask: 0
--- !u!196 &5
NavMeshSettings:
  serializedVersion: 2
  m_ObjectHideFlags: 0
  m_BuildSettings:
    serializedVersion: 2
    agentTypeID: 0
    agentRadius: 0.5
    agentHeight: 2
    agentSlope: 45
    agentClimb: 0.4
    ledgeDropHeight: 0
    maxJumpAcrossDistance: 0
    minRegionArea: 2
    manualCellSize: 0
    cellSize: 0.16666667
    manualTileSize: 0
    tileSize: 256
    accuratePlacement: 0
    debug:
      m_Flags: 0
  m_NavMeshData: {fileID: 0}
--- !u!1001 &735698
Prefab:
  m_ObjectHideFlags: 0
  serializedVersion: 2
  m_Modification:
    m_TransformParent: {fileID: 292400294}
    m_Modifications:
    - target: {fileID: 413196, guid: f1698d511e2884c88bc628d80fefcfbe, type: 2}
      propertyPath: m_LocalPosition.x
      value: -6
      objectReference: {fileID: 0}
    - target: {fileID: 413196, guid: f1698d511e2884c88bc628d80fefcfbe, type: 2}
      propertyPath: m_LocalPosition.y
      value: 1
      objectReference: {fileID: 0}
    - target: {fileID: 413196, guid: f1698d511e2884c88bc628d80fefcfbe, type: 2}
      propertyPath: m_LocalPosition.z
      value: 2
      objectReference: {fileID: 0}
    - target: {fileID: 413196, guid: f1698d511e2884c88bc628d80fefcfbe, type: 2}
      propertyPath: m_LocalRotation.x
      value: 0
      objectReference: {fileID: 0}
    - target: {fileID: 413196, guid: f1698d511e2884c88bc628d80fefcfbe, type: 2}
      propertyPath: m_LocalRotation.y
      value: 0
      objectReference: {fileID: 0}
    - target: {fileID: 413196, guid: f1698d511e2884c88bc628d80fefcfbe, type: 2}
      propertyPath: m_LocalRotation.z
      value: 0
      objectReference: {fileID: 0}
    - target: {fileID: 413196, guid: f1698d511e2884c88bc628d80fefcfbe, type: 2}
      propertyPath: m_LocalRotation.w
      value: 1
      objectReference: {fileID: 0}
    - target: {fileID: 413196, guid: f1698d511e2884c88bc628d80fefcfbe, type: 2}
      propertyPath: m_RootOrder
      value: 11
      objectReference: {fileID: 0}
    - target: {fileID: 413196, guid: f1698d511e2884c88bc628d80fefcfbe, type: 2}
      propertyPath: m_LocalScale.y
      value: 1
      objectReference: {fileID: 0}
    - target: {fileID: 139898, guid: f1698d511e2884c88bc628d80fefcfbe, type: 2}
      propertyPath: m_Name
      value: Bumper4x4 (11)
      objectReference: {fileID: 0}
    m_RemovedComponents: []
  m_ParentPrefab: {fileID: 100100000, guid: f1698d511e2884c88bc628d80fefcfbe, type: 2}
  m_IsPrefabParent: 0
--- !u!4 &735699 stripped
Transform:
  m_PrefabParentObject: {fileID: 413196, guid: f1698d511e2884c88bc628d80fefcfbe, type: 2}
  m_PrefabInternal: {fileID: 735698}
--- !u!1 &63678216 stripped
GameObject:
  m_PrefabParentObject: {fileID: 1000010795551742, guid: 61f15e5f5209f4e40bae9826adcd9b47,
    type: 2}
  m_PrefabInternal: {fileID: 266098352}
--- !u!4 &63678217 stripped
Transform:
  m_PrefabParentObject: {fileID: 4000013902719470, guid: 61f15e5f5209f4e40bae9826adcd9b47,
    type: 2}
  m_PrefabInternal: {fileID: 266098352}
--- !u!114 &63678218
MonoBehaviour:
  m_ObjectHideFlags: 0
  m_PrefabParentObject: {fileID: 0}
  m_PrefabInternal: {fileID: 0}
  m_GameObject: {fileID: 63678216}
  m_Enabled: 1
  m_EditorHideFlags: 0
  m_Script: {fileID: 11500000, guid: 299392db32fda4efa81c835808d46eb7, type: 3}
  m_Name: 
  m_EditorClassIdentifier: 
--- !u!1001 &85379041
Prefab:
  m_ObjectHideFlags: 0
  serializedVersion: 2
  m_Modification:
    m_TransformParent: {fileID: 0}
    m_Modifications:
    - target: {fileID: 4000010534563742, guid: 19691255f9cc1824589284127d67f203, type: 2}
      propertyPath: m_LocalPosition.x
      value: 0
      objectReference: {fileID: 0}
    - target: {fileID: 4000010534563742, guid: 19691255f9cc1824589284127d67f203, type: 2}
      propertyPath: m_LocalPosition.y
      value: 1
      objectReference: {fileID: 0}
    - target: {fileID: 4000010534563742, guid: 19691255f9cc1824589284127d67f203, type: 2}
      propertyPath: m_LocalPosition.z
      value: 0
      objectReference: {fileID: 0}
    - target: {fileID: 4000010534563742, guid: 19691255f9cc1824589284127d67f203, type: 2}
      propertyPath: m_LocalRotation.x
      value: 0
      objectReference: {fileID: 0}
    - target: {fileID: 4000010534563742, guid: 19691255f9cc1824589284127d67f203, type: 2}
      propertyPath: m_LocalRotation.y
      value: 0
      objectReference: {fileID: 0}
    - target: {fileID: 4000010534563742, guid: 19691255f9cc1824589284127d67f203, type: 2}
      propertyPath: m_LocalRotation.z
      value: 0
      objectReference: {fileID: 0}
    - target: {fileID: 4000010534563742, guid: 19691255f9cc1824589284127d67f203, type: 2}
      propertyPath: m_LocalRotation.w
      value: 1
      objectReference: {fileID: 0}
    - target: {fileID: 4000010534563742, guid: 19691255f9cc1824589284127d67f203, type: 2}
      propertyPath: m_RootOrder
      value: 3
      objectReference: {fileID: 0}
    - target: {fileID: 82000011611737248, guid: 19691255f9cc1824589284127d67f203,
        type: 2}
      propertyPath: m_Pitch
      value: 1.1
      objectReference: {fileID: 0}
    - target: {fileID: 82000011611737248, guid: 19691255f9cc1824589284127d67f203,
        type: 2}
      propertyPath: m_Volume
      value: 0.27
      objectReference: {fileID: 0}
    - target: {fileID: 45000014043326276, guid: 19691255f9cc1824589284127d67f203,
        type: 2}
      propertyPath: m_Enabled
      value: 0
      objectReference: {fileID: 0}
    - target: {fileID: 23000014196833828, guid: 19691255f9cc1824589284127d67f203,
        type: 2}
      propertyPath: m_Enabled
      value: 0
      objectReference: {fileID: 0}
    - target: {fileID: 114000012142654212, guid: 19691255f9cc1824589284127d67f203,
        type: 2}
      propertyPath: intensity
      value: 0
      objectReference: {fileID: 0}
    - target: {fileID: 114000012142654212, guid: 19691255f9cc1824589284127d67f203,
        type: 2}
      propertyPath: blurSpread
      value: 0
      objectReference: {fileID: 0}
    - target: {fileID: 114000010984280092, guid: 19691255f9cc1824589284127d67f203,
        type: 2}
      propertyPath: sepBlurSpread
      value: 2.5
      objectReference: {fileID: 0}
    - target: {fileID: 114000010984280092, guid: 19691255f9cc1824589284127d67f203,
        type: 2}
      propertyPath: bloomIntensity
      value: 0
      objectReference: {fileID: 0}
    - target: {fileID: 114000010984280092, guid: 19691255f9cc1824589284127d67f203,
        type: 2}
      propertyPath: hollyStretchWidth
      value: 2.5
      objectReference: {fileID: 0}
    - target: {fileID: 136000012487846130, guid: 19691255f9cc1824589284127d67f203,
        type: 2}
      propertyPath: m_Center.y
      value: 1
      objectReference: {fileID: 0}
    m_RemovedComponents: []
  m_ParentPrefab: {fileID: 100100000, guid: 19691255f9cc1824589284127d67f203, type: 2}
  m_IsPrefabParent: 0
--- !u!1001 &103924868
Prefab:
  m_ObjectHideFlags: 0
  serializedVersion: 2
  m_Modification:
    m_TransformParent: {fileID: 2102808756}
    m_Modifications:
    - target: {fileID: 4000013902719470, guid: 61f15e5f5209f4e40bae9826adcd9b47, type: 2}
      propertyPath: m_LocalPosition.x
      value: 0
      objectReference: {fileID: 0}
    - target: {fileID: 4000013902719470, guid: 61f15e5f5209f4e40bae9826adcd9b47, type: 2}
      propertyPath: m_LocalPosition.y
      value: 3
      objectReference: {fileID: 0}
    - target: {fileID: 4000013902719470, guid: 61f15e5f5209f4e40bae9826adcd9b47, type: 2}
      propertyPath: m_LocalPosition.z
      value: 14
      objectReference: {fileID: 0}
    - target: {fileID: 4000013902719470, guid: 61f15e5f5209f4e40bae9826adcd9b47, type: 2}
      propertyPath: m_LocalRotation.x
      value: -0
      objectReference: {fileID: 0}
    - target: {fileID: 4000013902719470, guid: 61f15e5f5209f4e40bae9826adcd9b47, type: 2}
      propertyPath: m_LocalRotation.y
      value: -0
      objectReference: {fileID: 0}
    - target: {fileID: 4000013902719470, guid: 61f15e5f5209f4e40bae9826adcd9b47, type: 2}
      propertyPath: m_LocalRotation.z
      value: -0
      objectReference: {fileID: 0}
    - target: {fileID: 4000013902719470, guid: 61f15e5f5209f4e40bae9826adcd9b47, type: 2}
      propertyPath: m_LocalRotation.w
      value: 1
      objectReference: {fileID: 0}
    - target: {fileID: 4000013902719470, guid: 61f15e5f5209f4e40bae9826adcd9b47, type: 2}
      propertyPath: m_RootOrder
      value: 0
      objectReference: {fileID: 0}
    m_RemovedComponents: []
  m_ParentPrefab: {fileID: 100100000, guid: 61f15e5f5209f4e40bae9826adcd9b47, type: 2}
  m_IsPrefabParent: 0
--- !u!1001 &112029788
Prefab:
  m_ObjectHideFlags: 0
  serializedVersion: 2
  m_Modification:
    m_TransformParent: {fileID: 292400294}
    m_Modifications:
    - target: {fileID: 413196, guid: f1698d511e2884c88bc628d80fefcfbe, type: 2}
      propertyPath: m_LocalPosition.x
      value: 6
      objectReference: {fileID: 0}
    - target: {fileID: 413196, guid: f1698d511e2884c88bc628d80fefcfbe, type: 2}
      propertyPath: m_LocalPosition.y
      value: 1
      objectReference: {fileID: 0}
    - target: {fileID: 413196, guid: f1698d511e2884c88bc628d80fefcfbe, type: 2}
      propertyPath: m_LocalPosition.z
      value: 2
      objectReference: {fileID: 0}
    - target: {fileID: 413196, guid: f1698d511e2884c88bc628d80fefcfbe, type: 2}
      propertyPath: m_LocalRotation.x
      value: 0
      objectReference: {fileID: 0}
    - target: {fileID: 413196, guid: f1698d511e2884c88bc628d80fefcfbe, type: 2}
      propertyPath: m_LocalRotation.y
      value: 0
      objectReference: {fileID: 0}
    - target: {fileID: 413196, guid: f1698d511e2884c88bc628d80fefcfbe, type: 2}
      propertyPath: m_LocalRotation.z
      value: 0
      objectReference: {fileID: 0}
    - target: {fileID: 413196, guid: f1698d511e2884c88bc628d80fefcfbe, type: 2}
      propertyPath: m_LocalRotation.w
      value: 1
      objectReference: {fileID: 0}
    - target: {fileID: 413196, guid: f1698d511e2884c88bc628d80fefcfbe, type: 2}
      propertyPath: m_RootOrder
      value: 9
      objectReference: {fileID: 0}
    - target: {fileID: 413196, guid: f1698d511e2884c88bc628d80fefcfbe, type: 2}
      propertyPath: m_LocalScale.y
      value: 1
      objectReference: {fileID: 0}
    - target: {fileID: 139898, guid: f1698d511e2884c88bc628d80fefcfbe, type: 2}
      propertyPath: m_Name
      value: Bumper4x4 (8)
      objectReference: {fileID: 0}
    m_RemovedComponents: []
  m_ParentPrefab: {fileID: 100100000, guid: f1698d511e2884c88bc628d80fefcfbe, type: 2}
  m_IsPrefabParent: 0
--- !u!4 &112029789 stripped
Transform:
  m_PrefabParentObject: {fileID: 413196, guid: f1698d511e2884c88bc628d80fefcfbe, type: 2}
  m_PrefabInternal: {fileID: 112029788}
--- !u!1001 &146349671
Prefab:
  m_ObjectHideFlags: 0
  serializedVersion: 2
  m_Modification:
    m_TransformParent: {fileID: 292400294}
    m_Modifications:
    - target: {fileID: 413196, guid: f1698d511e2884c88bc628d80fefcfbe, type: 2}
      propertyPath: m_LocalPosition.x
      value: -6
      objectReference: {fileID: 0}
    - target: {fileID: 413196, guid: f1698d511e2884c88bc628d80fefcfbe, type: 2}
      propertyPath: m_LocalPosition.y
      value: 1
      objectReference: {fileID: 0}
    - target: {fileID: 413196, guid: f1698d511e2884c88bc628d80fefcfbe, type: 2}
      propertyPath: m_LocalPosition.z
      value: -2
      objectReference: {fileID: 0}
    - target: {fileID: 413196, guid: f1698d511e2884c88bc628d80fefcfbe, type: 2}
      propertyPath: m_LocalRotation.x
      value: 0
      objectReference: {fileID: 0}
    - target: {fileID: 413196, guid: f1698d511e2884c88bc628d80fefcfbe, type: 2}
      propertyPath: m_LocalRotation.y
      value: 0
      objectReference: {fileID: 0}
    - target: {fileID: 413196, guid: f1698d511e2884c88bc628d80fefcfbe, type: 2}
      propertyPath: m_LocalRotation.z
      value: 0
      objectReference: {fileID: 0}
    - target: {fileID: 413196, guid: f1698d511e2884c88bc628d80fefcfbe, type: 2}
      propertyPath: m_LocalRotation.w
      value: 1
      objectReference: {fileID: 0}
    - target: {fileID: 413196, guid: f1698d511e2884c88bc628d80fefcfbe, type: 2}
      propertyPath: m_RootOrder
      value: 12
      objectReference: {fileID: 0}
    - target: {fileID: 413196, guid: f1698d511e2884c88bc628d80fefcfbe, type: 2}
      propertyPath: m_LocalScale.y
      value: 1
      objectReference: {fileID: 0}
    - target: {fileID: 139898, guid: f1698d511e2884c88bc628d80fefcfbe, type: 2}
      propertyPath: m_Name
      value: Bumper4x4 (10)
      objectReference: {fileID: 0}
    m_RemovedComponents: []
  m_ParentPrefab: {fileID: 100100000, guid: f1698d511e2884c88bc628d80fefcfbe, type: 2}
  m_IsPrefabParent: 0
--- !u!4 &146349672 stripped
Transform:
  m_PrefabParentObject: {fileID: 413196, guid: f1698d511e2884c88bc628d80fefcfbe, type: 2}
  m_PrefabInternal: {fileID: 146349671}
--- !u!1001 &266098352
Prefab:
  m_ObjectHideFlags: 0
  serializedVersion: 2
  m_Modification:
    m_TransformParent: {fileID: 2057220357}
    m_Modifications:
    - target: {fileID: 4000013902719470, guid: 61f15e5f5209f4e40bae9826adcd9b47, type: 2}
      propertyPath: m_LocalPosition.x
      value: 14
      objectReference: {fileID: 0}
    - target: {fileID: 4000013902719470, guid: 61f15e5f5209f4e40bae9826adcd9b47, type: 2}
      propertyPath: m_LocalPosition.y
      value: 3
      objectReference: {fileID: 0}
    - target: {fileID: 4000013902719470, guid: 61f15e5f5209f4e40bae9826adcd9b47, type: 2}
      propertyPath: m_LocalPosition.z
      value: 0
      objectReference: {fileID: 0}
    - target: {fileID: 4000013902719470, guid: 61f15e5f5209f4e40bae9826adcd9b47, type: 2}
      propertyPath: m_LocalRotation.x
      value: -0
      objectReference: {fileID: 0}
    - target: {fileID: 4000013902719470, guid: 61f15e5f5209f4e40bae9826adcd9b47, type: 2}
      propertyPath: m_LocalRotation.y
      value: 0.7071068
      objectReference: {fileID: 0}
    - target: {fileID: 4000013902719470, guid: 61f15e5f5209f4e40bae9826adcd9b47, type: 2}
      propertyPath: m_LocalRotation.z
      value: -0
      objectReference: {fileID: 0}
    - target: {fileID: 4000013902719470, guid: 61f15e5f5209f4e40bae9826adcd9b47, type: 2}
      propertyPath: m_LocalRotation.w
      value: 0.7071068
      objectReference: {fileID: 0}
    - target: {fileID: 4000013902719470, guid: 61f15e5f5209f4e40bae9826adcd9b47, type: 2}
      propertyPath: m_RootOrder
      value: 2
      objectReference: {fileID: 0}
    - target: {fileID: 1000010795551742, guid: 61f15e5f5209f4e40bae9826adcd9b47, type: 2}
      propertyPath: m_Name
      value: NextLevel (2)
      objectReference: {fileID: 0}
    - target: {fileID: 4000013902719470, guid: 61f15e5f5209f4e40bae9826adcd9b47, type: 2}
      propertyPath: m_LocalEulerAnglesHint.y
      value: 90
      objectReference: {fileID: 0}
    - target: {fileID: 4000013902719470, guid: 61f15e5f5209f4e40bae9826adcd9b47, type: 2}
      propertyPath: m_LocalScale.x
      value: 1
      objectReference: {fileID: 0}
    - target: {fileID: 4000013902719470, guid: 61f15e5f5209f4e40bae9826adcd9b47, type: 2}
      propertyPath: m_LocalScale.z
      value: 1
      objectReference: {fileID: 0}
    - target: {fileID: 102000010097613166, guid: 61f15e5f5209f4e40bae9826adcd9b47,
        type: 2}
      propertyPath: m_Text
      value: NEXT LEVEL
      objectReference: {fileID: 0}
    - target: {fileID: 102000010097613166, guid: 61f15e5f5209f4e40bae9826adcd9b47,
        type: 2}
      propertyPath: m_Color.rgba
      value: 2521648639
      objectReference: {fileID: 0}
    m_RemovedComponents:
    - {fileID: 114000013937760168, guid: 61f15e5f5209f4e40bae9826adcd9b47, type: 2}
  m_ParentPrefab: {fileID: 100100000, guid: 61f15e5f5209f4e40bae9826adcd9b47, type: 2}
  m_IsPrefabParent: 0
--- !u!1 &292400293
GameObject:
  m_ObjectHideFlags: 0
  m_PrefabParentObject: {fileID: 0}
  m_PrefabInternal: {fileID: 0}
  serializedVersion: 5
  m_Component:
  - component: {fileID: 292400294}
  m_Layer: 0
  m_Name: Environment
  m_TagString: Untagged
  m_Icon: {fileID: 0}
  m_NavMeshLayer: 0
  m_StaticEditorFlags: 0
  m_IsActive: 1
--- !u!4 &292400294
Transform:
  m_ObjectHideFlags: 0
  m_PrefabParentObject: {fileID: 0}
  m_PrefabInternal: {fileID: 0}
  m_GameObject: {fileID: 292400293}
  m_LocalRotation: {x: 0, y: 0, z: 0, w: 1}
  m_LocalPosition: {x: 0, y: 0, z: 0}
  m_LocalScale: {x: 1, y: 1, z: 1}
  m_Children:
  - {fileID: 1839831326}
  - {fileID: 636456948}
  - {fileID: 355425964}
  - {fileID: 1368615999}
  - {fileID: 655485451}
  - {fileID: 799863904}
  - {fileID: 1122911183}
  - {fileID: 532375672}
  - {fileID: 1176968393}
  - {fileID: 112029789}
  - {fileID: 663699711}
  - {fileID: 735699}
  - {fileID: 146349672}
  m_Father: {fileID: 0}
  m_RootOrder: 4
  m_LocalEulerAnglesHint: {x: 0, y: 0, z: 0}
--- !u!1 &304691869 stripped
GameObject:
  m_PrefabParentObject: {fileID: 1000010795551742, guid: 61f15e5f5209f4e40bae9826adcd9b47,
    type: 2}
  m_PrefabInternal: {fileID: 1422393772}
--- !u!4 &304691870 stripped
Transform:
  m_PrefabParentObject: {fileID: 4000013902719470, guid: 61f15e5f5209f4e40bae9826adcd9b47,
    type: 2}
  m_PrefabInternal: {fileID: 1422393772}
--- !u!114 &304691871
MonoBehaviour:
  m_ObjectHideFlags: 0
  m_PrefabParentObject: {fileID: 0}
  m_PrefabInternal: {fileID: 0}
  m_GameObject: {fileID: 304691869}
  m_Enabled: 1
  m_EditorHideFlags: 0
  m_Script: {fileID: 11500000, guid: 299392db32fda4efa81c835808d46eb7, type: 3}
  m_Name: 
  m_EditorClassIdentifier: 
--- !u!1001 &355425963
Prefab:
  m_ObjectHideFlags: 0
  serializedVersion: 2
  m_Modification:
    m_TransformParent: {fileID: 292400294}
    m_Modifications:
    - target: {fileID: 413196, guid: f1698d511e2884c88bc628d80fefcfbe, type: 2}
      propertyPath: m_LocalPosition.x
      value: -2
      objectReference: {fileID: 0}
    - target: {fileID: 413196, guid: f1698d511e2884c88bc628d80fefcfbe, type: 2}
      propertyPath: m_LocalPosition.y
      value: 1
      objectReference: {fileID: 0}
    - target: {fileID: 413196, guid: f1698d511e2884c88bc628d80fefcfbe, type: 2}
      propertyPath: m_LocalPosition.z
      value: 6
      objectReference: {fileID: 0}
    - target: {fileID: 413196, guid: f1698d511e2884c88bc628d80fefcfbe, type: 2}
      propertyPath: m_LocalRotation.x
      value: 0
      objectReference: {fileID: 0}
    - target: {fileID: 413196, guid: f1698d511e2884c88bc628d80fefcfbe, type: 2}
      propertyPath: m_LocalRotation.y
      value: 0
      objectReference: {fileID: 0}
    - target: {fileID: 413196, guid: f1698d511e2884c88bc628d80fefcfbe, type: 2}
      propertyPath: m_LocalRotation.z
      value: 0
      objectReference: {fileID: 0}
    - target: {fileID: 413196, guid: f1698d511e2884c88bc628d80fefcfbe, type: 2}
      propertyPath: m_LocalRotation.w
      value: 1
      objectReference: {fileID: 0}
    - target: {fileID: 413196, guid: f1698d511e2884c88bc628d80fefcfbe, type: 2}
      propertyPath: m_RootOrder
      value: 2
      objectReference: {fileID: 0}
    - target: {fileID: 413196, guid: f1698d511e2884c88bc628d80fefcfbe, type: 2}
      propertyPath: m_LocalScale.y
      value: 1
      objectReference: {fileID: 0}
    - target: {fileID: 139898, guid: f1698d511e2884c88bc628d80fefcfbe, type: 2}
      propertyPath: m_Name
      value: Bumper4x4 (1)
      objectReference: {fileID: 0}
    m_RemovedComponents: []
  m_ParentPrefab: {fileID: 100100000, guid: f1698d511e2884c88bc628d80fefcfbe, type: 2}
  m_IsPrefabParent: 0
--- !u!4 &355425964 stripped
Transform:
  m_PrefabParentObject: {fileID: 413196, guid: f1698d511e2884c88bc628d80fefcfbe, type: 2}
  m_PrefabInternal: {fileID: 355425963}
--- !u!1 &395968822 stripped
GameObject:
  m_PrefabParentObject: {fileID: 1000010795551742, guid: 61f15e5f5209f4e40bae9826adcd9b47,
    type: 2}
  m_PrefabInternal: {fileID: 1769449302}
--- !u!4 &395968823 stripped
Transform:
  m_PrefabParentObject: {fileID: 4000013902719470, guid: 61f15e5f5209f4e40bae9826adcd9b47,
    type: 2}
  m_PrefabInternal: {fileID: 1769449302}
--- !u!114 &395968824
MonoBehaviour:
  m_ObjectHideFlags: 0
  m_PrefabParentObject: {fileID: 0}
  m_PrefabInternal: {fileID: 0}
  m_GameObject: {fileID: 395968822}
  m_Enabled: 1
  m_EditorHideFlags: 0
  m_Script: {fileID: 11500000, guid: 299392db32fda4efa81c835808d46eb7, type: 3}
  m_Name: 
  m_EditorClassIdentifier: 
--- !u!1 &411890546
GameObject:
  m_ObjectHideFlags: 0
  m_PrefabParentObject: {fileID: 0}
  m_PrefabInternal: {fileID: 0}
  serializedVersion: 5
  m_Component:
  - component: {fileID: 411890547}
  - component: {fileID: 411890549}
  - component: {fileID: 411890548}
  m_Layer: 5
  m_Name: Timer Text
  m_TagString: Untagged
  m_Icon: {fileID: 0}
  m_NavMeshLayer: 0
  m_StaticEditorFlags: 0
  m_IsActive: 1
--- !u!224 &411890547
RectTransform:
  m_ObjectHideFlags: 0
  m_PrefabParentObject: {fileID: 0}
  m_PrefabInternal: {fileID: 0}
  m_GameObject: {fileID: 411890546}
  m_LocalRotation: {x: 0, y: 0, z: 0, w: 1}
  m_LocalPosition: {x: 0, y: 0, z: 0}
  m_LocalScale: {x: 1, y: 1, z: 1}
  m_Children: []
  m_Father: {fileID: 2094135608}
  m_RootOrder: 2
  m_LocalEulerAnglesHint: {x: 0, y: 0, z: 0}
  m_AnchorMin: {x: 0.5, y: 0.5}
  m_AnchorMax: {x: 0.5, y: 0.5}
  m_AnchoredPosition: {x: 0, y: 200}
  m_SizeDelta: {x: 160, y: 30}
  m_Pivot: {x: 0.5, y: 0.5}
--- !u!114 &411890548
MonoBehaviour:
  m_ObjectHideFlags: 0
  m_PrefabParentObject: {fileID: 0}
  m_PrefabInternal: {fileID: 0}
  m_GameObject: {fileID: 411890546}
  m_Enabled: 1
  m_EditorHideFlags: 0
  m_Script: {fileID: 708705254, guid: f5f67c52d1564df4a8936ccd202a3bd8, type: 3}
  m_Name: 
  m_EditorClassIdentifier: 
  m_Material: {fileID: 0}
  m_Color: {r: 1, g: 1, b: 1, a: 1}
  m_RaycastTarget: 1
  m_OnCullStateChanged:
    m_PersistentCalls:
      m_Calls: []
    m_TypeName: UnityEngine.UI.MaskableGraphic+CullStateChangedEvent, UnityEngine.UI,
      Version=1.0.0.0, Culture=neutral, PublicKeyToken=null
  m_FontData:
    m_Font: {fileID: 10102, guid: 0000000000000000e000000000000000, type: 0}
    m_FontSize: 20
    m_FontStyle: 1
    m_BestFit: 0
    m_MinSize: 4
    m_MaxSize: 40
    m_Alignment: 4
    m_AlignByGeometry: 0
    m_RichText: 1
    m_HorizontalOverflow: 1
    m_VerticalOverflow: 1
    m_LineSpacing: 1
  m_Text: 40.0
--- !u!222 &411890549
CanvasRenderer:
  m_ObjectHideFlags: 0
  m_PrefabParentObject: {fileID: 0}
  m_PrefabInternal: {fileID: 0}
  m_GameObject: {fileID: 411890546}
--- !u!1 &468311588
GameObject:
  m_ObjectHideFlags: 0
  m_PrefabParentObject: {fileID: 0}
  m_PrefabInternal: {fileID: 0}
  serializedVersion: 5
  m_Component:
  - component: {fileID: 468311589}
  - component: {fileID: 468311590}
  m_Layer: 0
  m_Name: Rim Light
  m_TagString: Untagged
  m_Icon: {fileID: 0}
  m_NavMeshLayer: 0
  m_StaticEditorFlags: 0
  m_IsActive: 1
--- !u!4 &468311589
Transform:
  m_ObjectHideFlags: 0
  m_PrefabParentObject: {fileID: 0}
  m_PrefabInternal: {fileID: 0}
  m_GameObject: {fileID: 468311588}
  m_LocalRotation: {x: -0.6897186, y: 0.010943768, z: 0.0070664557, w: 0.7239604}
  m_LocalPosition: {x: 0, y: 3.3263807, z: 0}
  m_LocalScale: {x: 1, y: 1, z: 1}
  m_Children: []
  m_Father: {fileID: 1050772217}
  m_RootOrder: 0
  m_LocalEulerAnglesHint: {x: 0, y: 0, z: 0}
--- !u!108 &468311590
Light:
  m_ObjectHideFlags: 0
  m_PrefabParentObject: {fileID: 0}
  m_PrefabInternal: {fileID: 0}
  m_GameObject: {fileID: 468311588}
  m_Enabled: 1
  serializedVersion: 8
  m_Type: 1
  m_Color: {r: 1, g: 0.33062884, b: 0.029411793, a: 1}
  m_Intensity: 1
  m_Range: 10
  m_SpotAngle: 30
  m_CookieSize: 10
  m_Shadows:
    m_Type: 2
    m_Resolution: -1
    m_CustomResolution: -1
    m_Strength: 1
    m_Bias: 0.05
    m_NormalBias: 0.4
    m_NearPlane: 0.2
  m_Cookie: {fileID: 0}
  m_DrawHalo: 0
  m_Flare: {fileID: 0}
  m_RenderMode: 0
  m_CullingMask:
    serializedVersion: 2
    m_Bits: 4294967295
  m_Lightmapping: 1
  m_AreaSize: {x: 1, y: 1}
  m_BounceIntensity: 1
  m_ColorTemperature: 6570
  m_UseColorTemperature: 0
  m_ShadowRadius: 0
  m_ShadowAngle: 0
--- !u!1 &498112370 stripped
GameObject:
  m_PrefabParentObject: {fileID: 1000010795551742, guid: 61f15e5f5209f4e40bae9826adcd9b47,
    type: 2}
  m_PrefabInternal: {fileID: 780660370}
--- !u!4 &498112371 stripped
Transform:
  m_PrefabParentObject: {fileID: 4000013902719470, guid: 61f15e5f5209f4e40bae9826adcd9b47,
    type: 2}
  m_PrefabInternal: {fileID: 780660370}
--- !u!114 &498112372
MonoBehaviour:
  m_ObjectHideFlags: 0
  m_PrefabParentObject: {fileID: 0}
  m_PrefabInternal: {fileID: 0}
  m_GameObject: {fileID: 498112370}
  m_Enabled: 1
  m_EditorHideFlags: 0
  m_Script: {fileID: 11500000, guid: 299392db32fda4efa81c835808d46eb7, type: 3}
  m_Name: 
  m_EditorClassIdentifier: 
--- !u!1001 &532375671
Prefab:
  m_ObjectHideFlags: 0
  serializedVersion: 2
  m_Modification:
    m_TransformParent: {fileID: 292400294}
    m_Modifications:
    - target: {fileID: 413196, guid: f1698d511e2884c88bc628d80fefcfbe, type: 2}
      propertyPath: m_LocalPosition.x
      value: 2
      objectReference: {fileID: 0}
    - target: {fileID: 413196, guid: f1698d511e2884c88bc628d80fefcfbe, type: 2}
      propertyPath: m_LocalPosition.y
      value: 1
      objectReference: {fileID: 0}
    - target: {fileID: 413196, guid: f1698d511e2884c88bc628d80fefcfbe, type: 2}
      propertyPath: m_LocalPosition.z
      value: -6
      objectReference: {fileID: 0}
    - target: {fileID: 413196, guid: f1698d511e2884c88bc628d80fefcfbe, type: 2}
      propertyPath: m_LocalRotation.x
      value: 0
      objectReference: {fileID: 0}
    - target: {fileID: 413196, guid: f1698d511e2884c88bc628d80fefcfbe, type: 2}
      propertyPath: m_LocalRotation.y
      value: 0
      objectReference: {fileID: 0}
    - target: {fileID: 413196, guid: f1698d511e2884c88bc628d80fefcfbe, type: 2}
      propertyPath: m_LocalRotation.z
      value: 0
      objectReference: {fileID: 0}
    - target: {fileID: 413196, guid: f1698d511e2884c88bc628d80fefcfbe, type: 2}
      propertyPath: m_LocalRotation.w
      value: 1
      objectReference: {fileID: 0}
    - target: {fileID: 413196, guid: f1698d511e2884c88bc628d80fefcfbe, type: 2}
      propertyPath: m_RootOrder
      value: 7
      objectReference: {fileID: 0}
    - target: {fileID: 413196, guid: f1698d511e2884c88bc628d80fefcfbe, type: 2}
      propertyPath: m_LocalScale.y
      value: 1
      objectReference: {fileID: 0}
    - target: {fileID: 139898, guid: f1698d511e2884c88bc628d80fefcfbe, type: 2}
      propertyPath: m_Name
      value: Bumper4x4 (5)
      objectReference: {fileID: 0}
    m_RemovedComponents: []
  m_ParentPrefab: {fileID: 100100000, guid: f1698d511e2884c88bc628d80fefcfbe, type: 2}
  m_IsPrefabParent: 0
--- !u!4 &532375672 stripped
Transform:
  m_PrefabParentObject: {fileID: 413196, guid: f1698d511e2884c88bc628d80fefcfbe, type: 2}
  m_PrefabInternal: {fileID: 532375671}
--- !u!1 &544535752
GameObject:
  m_ObjectHideFlags: 0
  m_PrefabParentObject: {fileID: 0}
  m_PrefabInternal: {fileID: 0}
  serializedVersion: 5
  m_Component:
  - component: {fileID: 544535753}
  - component: {fileID: 544535754}
  m_Layer: 0
  m_Name: Directional Light
  m_TagString: Untagged
  m_Icon: {fileID: 0}
  m_NavMeshLayer: 0
  m_StaticEditorFlags: 0
  m_IsActive: 1
--- !u!4 &544535753
Transform:
  m_ObjectHideFlags: 0
  m_PrefabParentObject: {fileID: 0}
  m_PrefabInternal: {fileID: 0}
  m_GameObject: {fileID: 544535752}
  m_LocalRotation: {x: 0.9601901, y: -0.028163701, z: 0.2572822, w: 0.10510829}
  m_LocalPosition: {x: 0, y: 0, z: 0}
  m_LocalScale: {x: 1, y: 1, z: 1}
  m_Children: []
  m_Father: {fileID: 1050772217}
  m_RootOrder: 1
  m_LocalEulerAnglesHint: {x: 0, y: 0, z: 0}
--- !u!108 &544535754
Light:
  m_ObjectHideFlags: 0
  m_PrefabParentObject: {fileID: 0}
  m_PrefabInternal: {fileID: 0}
  m_GameObject: {fileID: 544535752}
  m_Enabled: 1
  serializedVersion: 8
  m_Type: 1
  m_Color: {r: 1, g: 1, b: 1, a: 1}
  m_Intensity: 1
  m_Range: 10
  m_SpotAngle: 30
  m_CookieSize: 10
  m_Shadows:
    m_Type: 2
    m_Resolution: -1
    m_CustomResolution: -1
    m_Strength: 1
    m_Bias: 0.05
    m_NormalBias: 0.4
    m_NearPlane: 0.2
  m_Cookie: {fileID: 0}
  m_DrawHalo: 0
  m_Flare: {fileID: 0}
  m_RenderMode: 0
  m_CullingMask:
    serializedVersion: 2
    m_Bits: 4294967295
  m_Lightmapping: 1
  m_AreaSize: {x: 1, y: 1}
  m_BounceIntensity: 1
  m_ColorTemperature: 6570
  m_UseColorTemperature: 0
  m_ShadowRadius: 0
  m_ShadowAngle: 0
--- !u!1001 &559634664
Prefab:
  m_ObjectHideFlags: 0
  serializedVersion: 2
  m_Modification:
    m_TransformParent: {fileID: 2102808756}
    m_Modifications:
    - target: {fileID: 4000013902719470, guid: 61f15e5f5209f4e40bae9826adcd9b47, type: 2}
      propertyPath: m_LocalPosition.x
      value: -14
      objectReference: {fileID: 0}
    - target: {fileID: 4000013902719470, guid: 61f15e5f5209f4e40bae9826adcd9b47, type: 2}
      propertyPath: m_LocalPosition.y
      value: 3
      objectReference: {fileID: 0}
    - target: {fileID: 4000013902719470, guid: 61f15e5f5209f4e40bae9826adcd9b47, type: 2}
      propertyPath: m_LocalPosition.z
      value: 0
      objectReference: {fileID: 0}
    - target: {fileID: 4000013902719470, guid: 61f15e5f5209f4e40bae9826adcd9b47, type: 2}
      propertyPath: m_LocalRotation.x
      value: -0
      objectReference: {fileID: 0}
    - target: {fileID: 4000013902719470, guid: 61f15e5f5209f4e40bae9826adcd9b47, type: 2}
      propertyPath: m_LocalRotation.y
      value: -0.7071068
      objectReference: {fileID: 0}
    - target: {fileID: 4000013902719470, guid: 61f15e5f5209f4e40bae9826adcd9b47, type: 2}
      propertyPath: m_LocalRotation.z
      value: -0
      objectReference: {fileID: 0}
    - target: {fileID: 4000013902719470, guid: 61f15e5f5209f4e40bae9826adcd9b47, type: 2}
      propertyPath: m_LocalRotation.w
      value: 0.7071068
      objectReference: {fileID: 0}
    - target: {fileID: 4000013902719470, guid: 61f15e5f5209f4e40bae9826adcd9b47, type: 2}
      propertyPath: m_RootOrder
      value: 3
      objectReference: {fileID: 0}
    - target: {fileID: 1000010795551742, guid: 61f15e5f5209f4e40bae9826adcd9b47, type: 2}
      propertyPath: m_Name
      value: PlayAgain (3)
      objectReference: {fileID: 0}
    - target: {fileID: 4000013902719470, guid: 61f15e5f5209f4e40bae9826adcd9b47, type: 2}
      propertyPath: m_LocalEulerAnglesHint.y
      value: -90
      objectReference: {fileID: 0}
    - target: {fileID: 4000013902719470, guid: 61f15e5f5209f4e40bae9826adcd9b47, type: 2}
      propertyPath: m_LocalScale.x
      value: 1
      objectReference: {fileID: 0}
    - target: {fileID: 4000013902719470, guid: 61f15e5f5209f4e40bae9826adcd9b47, type: 2}
      propertyPath: m_LocalScale.z
      value: 1
      objectReference: {fileID: 0}
    m_RemovedComponents: []
  m_ParentPrefab: {fileID: 100100000, guid: 61f15e5f5209f4e40bae9826adcd9b47, type: 2}
  m_IsPrefabParent: 0
--- !u!4 &559634665 stripped
Transform:
  m_PrefabParentObject: {fileID: 4000013902719470, guid: 61f15e5f5209f4e40bae9826adcd9b47,
    type: 2}
  m_PrefabInternal: {fileID: 559634664}
--- !u!1001 &636456947
Prefab:
  m_ObjectHideFlags: 0
  serializedVersion: 2
  m_Modification:
    m_TransformParent: {fileID: 292400294}
    m_Modifications:
    - target: {fileID: 413196, guid: f1698d511e2884c88bc628d80fefcfbe, type: 2}
      propertyPath: m_LocalPosition.x
      value: -6
      objectReference: {fileID: 0}
    - target: {fileID: 413196, guid: f1698d511e2884c88bc628d80fefcfbe, type: 2}
      propertyPath: m_LocalPosition.y
      value: 1
      objectReference: {fileID: 0}
    - target: {fileID: 413196, guid: f1698d511e2884c88bc628d80fefcfbe, type: 2}
      propertyPath: m_LocalPosition.z
      value: 6
      objectReference: {fileID: 0}
    - target: {fileID: 413196, guid: f1698d511e2884c88bc628d80fefcfbe, type: 2}
      propertyPath: m_LocalRotation.x
      value: 0
      objectReference: {fileID: 0}
    - target: {fileID: 413196, guid: f1698d511e2884c88bc628d80fefcfbe, type: 2}
      propertyPath: m_LocalRotation.y
      value: 0
      objectReference: {fileID: 0}
    - target: {fileID: 413196, guid: f1698d511e2884c88bc628d80fefcfbe, type: 2}
      propertyPath: m_LocalRotation.z
      value: 0
      objectReference: {fileID: 0}
    - target: {fileID: 413196, guid: f1698d511e2884c88bc628d80fefcfbe, type: 2}
      propertyPath: m_LocalRotation.w
      value: 1
      objectReference: {fileID: 0}
    - target: {fileID: 413196, guid: f1698d511e2884c88bc628d80fefcfbe, type: 2}
      propertyPath: m_RootOrder
      value: 1
      objectReference: {fileID: 0}
    - target: {fileID: 413196, guid: f1698d511e2884c88bc628d80fefcfbe, type: 2}
      propertyPath: m_LocalScale.y
      value: 1
      objectReference: {fileID: 0}
    m_RemovedComponents: []
  m_ParentPrefab: {fileID: 100100000, guid: f1698d511e2884c88bc628d80fefcfbe, type: 2}
  m_IsPrefabParent: 0
--- !u!4 &636456948 stripped
Transform:
  m_PrefabParentObject: {fileID: 413196, guid: f1698d511e2884c88bc628d80fefcfbe, type: 2}
  m_PrefabInternal: {fileID: 636456947}
--- !u!1001 &655485450
Prefab:
  m_ObjectHideFlags: 0
  serializedVersion: 2
  m_Modification:
    m_TransformParent: {fileID: 292400294}
    m_Modifications:
    - target: {fileID: 413196, guid: f1698d511e2884c88bc628d80fefcfbe, type: 2}
      propertyPath: m_LocalPosition.x
      value: 6
      objectReference: {fileID: 0}
    - target: {fileID: 413196, guid: f1698d511e2884c88bc628d80fefcfbe, type: 2}
      propertyPath: m_LocalPosition.y
      value: 1
      objectReference: {fileID: 0}
    - target: {fileID: 413196, guid: f1698d511e2884c88bc628d80fefcfbe, type: 2}
      propertyPath: m_LocalPosition.z
      value: 6
      objectReference: {fileID: 0}
    - target: {fileID: 413196, guid: f1698d511e2884c88bc628d80fefcfbe, type: 2}
      propertyPath: m_LocalRotation.x
      value: 0
      objectReference: {fileID: 0}
    - target: {fileID: 413196, guid: f1698d511e2884c88bc628d80fefcfbe, type: 2}
      propertyPath: m_LocalRotation.y
      value: 0
      objectReference: {fileID: 0}
    - target: {fileID: 413196, guid: f1698d511e2884c88bc628d80fefcfbe, type: 2}
      propertyPath: m_LocalRotation.z
      value: 0
      objectReference: {fileID: 0}
    - target: {fileID: 413196, guid: f1698d511e2884c88bc628d80fefcfbe, type: 2}
      propertyPath: m_LocalRotation.w
      value: 1
      objectReference: {fileID: 0}
    - target: {fileID: 413196, guid: f1698d511e2884c88bc628d80fefcfbe, type: 2}
      propertyPath: m_RootOrder
      value: 4
      objectReference: {fileID: 0}
    - target: {fileID: 413196, guid: f1698d511e2884c88bc628d80fefcfbe, type: 2}
      propertyPath: m_LocalScale.y
      value: 1
      objectReference: {fileID: 0}
    - target: {fileID: 139898, guid: f1698d511e2884c88bc628d80fefcfbe, type: 2}
      propertyPath: m_Name
      value: Bumper4x4 (3)
      objectReference: {fileID: 0}
    m_RemovedComponents: []
  m_ParentPrefab: {fileID: 100100000, guid: f1698d511e2884c88bc628d80fefcfbe, type: 2}
  m_IsPrefabParent: 0
--- !u!4 &655485451 stripped
Transform:
  m_PrefabParentObject: {fileID: 413196, guid: f1698d511e2884c88bc628d80fefcfbe, type: 2}
  m_PrefabInternal: {fileID: 655485450}
--- !u!1001 &663699710
Prefab:
  m_ObjectHideFlags: 0
  serializedVersion: 2
  m_Modification:
    m_TransformParent: {fileID: 292400294}
    m_Modifications:
    - target: {fileID: 413196, guid: f1698d511e2884c88bc628d80fefcfbe, type: 2}
      propertyPath: m_LocalPosition.x
      value: 6
      objectReference: {fileID: 0}
    - target: {fileID: 413196, guid: f1698d511e2884c88bc628d80fefcfbe, type: 2}
      propertyPath: m_LocalPosition.y
      value: 1
      objectReference: {fileID: 0}
    - target: {fileID: 413196, guid: f1698d511e2884c88bc628d80fefcfbe, type: 2}
      propertyPath: m_LocalPosition.z
      value: -2
      objectReference: {fileID: 0}
    - target: {fileID: 413196, guid: f1698d511e2884c88bc628d80fefcfbe, type: 2}
      propertyPath: m_LocalRotation.x
      value: 0
      objectReference: {fileID: 0}
    - target: {fileID: 413196, guid: f1698d511e2884c88bc628d80fefcfbe, type: 2}
      propertyPath: m_LocalRotation.y
      value: 0
      objectReference: {fileID: 0}
    - target: {fileID: 413196, guid: f1698d511e2884c88bc628d80fefcfbe, type: 2}
      propertyPath: m_LocalRotation.z
      value: 0
      objectReference: {fileID: 0}
    - target: {fileID: 413196, guid: f1698d511e2884c88bc628d80fefcfbe, type: 2}
      propertyPath: m_LocalRotation.w
      value: 1
      objectReference: {fileID: 0}
    - target: {fileID: 413196, guid: f1698d511e2884c88bc628d80fefcfbe, type: 2}
      propertyPath: m_RootOrder
      value: 10
      objectReference: {fileID: 0}
    - target: {fileID: 413196, guid: f1698d511e2884c88bc628d80fefcfbe, type: 2}
      propertyPath: m_LocalScale.y
      value: 1
      objectReference: {fileID: 0}
    - target: {fileID: 139898, guid: f1698d511e2884c88bc628d80fefcfbe, type: 2}
      propertyPath: m_Name
      value: Bumper4x4 (9)
      objectReference: {fileID: 0}
    m_RemovedComponents: []
  m_ParentPrefab: {fileID: 100100000, guid: f1698d511e2884c88bc628d80fefcfbe, type: 2}
  m_IsPrefabParent: 0
--- !u!4 &663699711 stripped
Transform:
  m_PrefabParentObject: {fileID: 413196, guid: f1698d511e2884c88bc628d80fefcfbe, type: 2}
  m_PrefabInternal: {fileID: 663699710}
--- !u!1 &708004234
GameObject:
  m_ObjectHideFlags: 0
  m_PrefabParentObject: {fileID: 0}
  m_PrefabInternal: {fileID: 0}
  serializedVersion: 5
  m_Component:
  - component: {fileID: 708004236}
  - component: {fileID: 708004235}
  m_Layer: 0
  m_Name: Game Manager
  m_TagString: Untagged
  m_Icon: {fileID: 0}
  m_NavMeshLayer: 0
  m_StaticEditorFlags: 0
  m_IsActive: 1
--- !u!114 &708004235
MonoBehaviour:
  m_ObjectHideFlags: 0
  m_PrefabParentObject: {fileID: 0}
  m_PrefabInternal: {fileID: 0}
  m_GameObject: {fileID: 708004234}
  m_Enabled: 1
  m_EditorHideFlags: 0
  m_Script: {fileID: 11500000, guid: a7d30487acfc0439b99b3ac25524dc69, type: 3}
  m_Name: 
  m_EditorClassIdentifier: 
  score: 0
  canBeatLevel: 1
  beatLevelScore: 20
  startTime: 40
  mainScoreDisplay: {fileID: 804255726}
  mainTimerDisplay: {fileID: 411890548}
  gameOverScoreOutline: {fileID: 1979468286}
  musicAudioSource: {fileID: 1210327627}
  gameIsOver: 0
  playAgainButtons: {fileID: 2102808754}
  playAgainLevelToLoad: Level1
  nextLevelButtons: {fileID: 2057220355}
  nextLevelToLoad: Level2
  portNum: 10116
  hostName: 127.0.0.1
--- !u!4 &708004236
Transform:
  m_ObjectHideFlags: 0
  m_PrefabParentObject: {fileID: 0}
  m_PrefabInternal: {fileID: 0}
  m_GameObject: {fileID: 708004234}
  m_LocalRotation: {x: 0, y: 0, z: 0, w: 1}
  m_LocalPosition: {x: 0, y: 0, z: 0}
  m_LocalScale: {x: 1, y: 1, z: 1}
  m_Children: []
  m_Father: {fileID: 0}
  m_RootOrder: 0
  m_LocalEulerAnglesHint: {x: 0, y: 0, z: 0}
--- !u!1001 &780660370
Prefab:
  m_ObjectHideFlags: 0
  serializedVersion: 2
  m_Modification:
    m_TransformParent: {fileID: 2057220357}
    m_Modifications:
    - target: {fileID: 4000013902719470, guid: 61f15e5f5209f4e40bae9826adcd9b47, type: 2}
      propertyPath: m_LocalPosition.x
      value: 0
      objectReference: {fileID: 0}
    - target: {fileID: 4000013902719470, guid: 61f15e5f5209f4e40bae9826adcd9b47, type: 2}
      propertyPath: m_LocalPosition.y
      value: 3
      objectReference: {fileID: 0}
    - target: {fileID: 4000013902719470, guid: 61f15e5f5209f4e40bae9826adcd9b47, type: 2}
      propertyPath: m_LocalPosition.z
      value: 14
      objectReference: {fileID: 0}
    - target: {fileID: 4000013902719470, guid: 61f15e5f5209f4e40bae9826adcd9b47, type: 2}
      propertyPath: m_LocalRotation.x
      value: -0
      objectReference: {fileID: 0}
    - target: {fileID: 4000013902719470, guid: 61f15e5f5209f4e40bae9826adcd9b47, type: 2}
      propertyPath: m_LocalRotation.y
      value: -0
      objectReference: {fileID: 0}
    - target: {fileID: 4000013902719470, guid: 61f15e5f5209f4e40bae9826adcd9b47, type: 2}
      propertyPath: m_LocalRotation.z
      value: -0
      objectReference: {fileID: 0}
    - target: {fileID: 4000013902719470, guid: 61f15e5f5209f4e40bae9826adcd9b47, type: 2}
      propertyPath: m_LocalRotation.w
      value: 1
      objectReference: {fileID: 0}
    - target: {fileID: 4000013902719470, guid: 61f15e5f5209f4e40bae9826adcd9b47, type: 2}
      propertyPath: m_RootOrder
      value: 0
      objectReference: {fileID: 0}
    - target: {fileID: 1000010795551742, guid: 61f15e5f5209f4e40bae9826adcd9b47, type: 2}
      propertyPath: m_Name
      value: NextLevel
      objectReference: {fileID: 0}
    - target: {fileID: 102000010097613166, guid: 61f15e5f5209f4e40bae9826adcd9b47,
        type: 2}
      propertyPath: m_Text
      value: NEXT LEVEL
      objectReference: {fileID: 0}
    - target: {fileID: 102000010097613166, guid: 61f15e5f5209f4e40bae9826adcd9b47,
        type: 2}
      propertyPath: m_Color.rgba
      value: 2521648639
      objectReference: {fileID: 0}
    m_RemovedComponents:
    - {fileID: 114000013937760168, guid: 61f15e5f5209f4e40bae9826adcd9b47, type: 2}
  m_ParentPrefab: {fileID: 100100000, guid: 61f15e5f5209f4e40bae9826adcd9b47, type: 2}
  m_IsPrefabParent: 0
--- !u!1001 &799863903
Prefab:
  m_ObjectHideFlags: 0
  serializedVersion: 2
  m_Modification:
    m_TransformParent: {fileID: 292400294}
    m_Modifications:
    - target: {fileID: 413196, guid: f1698d511e2884c88bc628d80fefcfbe, type: 2}
      propertyPath: m_LocalPosition.x
      value: -6
      objectReference: {fileID: 0}
    - target: {fileID: 413196, guid: f1698d511e2884c88bc628d80fefcfbe, type: 2}
      propertyPath: m_LocalPosition.y
      value: 1
      objectReference: {fileID: 0}
    - target: {fileID: 413196, guid: f1698d511e2884c88bc628d80fefcfbe, type: 2}
      propertyPath: m_LocalPosition.z
      value: -6
      objectReference: {fileID: 0}
    - target: {fileID: 413196, guid: f1698d511e2884c88bc628d80fefcfbe, type: 2}
      propertyPath: m_LocalRotation.x
      value: 0
      objectReference: {fileID: 0}
    - target: {fileID: 413196, guid: f1698d511e2884c88bc628d80fefcfbe, type: 2}
      propertyPath: m_LocalRotation.y
      value: 0
      objectReference: {fileID: 0}
    - target: {fileID: 413196, guid: f1698d511e2884c88bc628d80fefcfbe, type: 2}
      propertyPath: m_LocalRotation.z
      value: 0
      objectReference: {fileID: 0}
    - target: {fileID: 413196, guid: f1698d511e2884c88bc628d80fefcfbe, type: 2}
      propertyPath: m_LocalRotation.w
      value: 1
      objectReference: {fileID: 0}
    - target: {fileID: 413196, guid: f1698d511e2884c88bc628d80fefcfbe, type: 2}
      propertyPath: m_RootOrder
      value: 5
      objectReference: {fileID: 0}
    - target: {fileID: 413196, guid: f1698d511e2884c88bc628d80fefcfbe, type: 2}
      propertyPath: m_LocalScale.y
      value: 1
      objectReference: {fileID: 0}
    - target: {fileID: 139898, guid: f1698d511e2884c88bc628d80fefcfbe, type: 2}
      propertyPath: m_Name
      value: Bumper4x4 (7)
      objectReference: {fileID: 0}
    m_RemovedComponents: []
  m_ParentPrefab: {fileID: 100100000, guid: f1698d511e2884c88bc628d80fefcfbe, type: 2}
  m_IsPrefabParent: 0
--- !u!4 &799863904 stripped
Transform:
  m_PrefabParentObject: {fileID: 413196, guid: f1698d511e2884c88bc628d80fefcfbe, type: 2}
  m_PrefabInternal: {fileID: 799863903}
--- !u!1 &804255724
GameObject:
  m_ObjectHideFlags: 0
  m_PrefabParentObject: {fileID: 0}
  m_PrefabInternal: {fileID: 0}
  serializedVersion: 5
  m_Component:
  - component: {fileID: 804255725}
  - component: {fileID: 804255727}
  - component: {fileID: 804255726}
  m_Layer: 5
  m_Name: Score Text
  m_TagString: Untagged
  m_Icon: {fileID: 0}
  m_NavMeshLayer: 0
  m_StaticEditorFlags: 0
  m_IsActive: 1
--- !u!224 &804255725
RectTransform:
  m_ObjectHideFlags: 0
  m_PrefabParentObject: {fileID: 0}
  m_PrefabInternal: {fileID: 0}
  m_GameObject: {fileID: 804255724}
  m_LocalRotation: {x: -0, y: -0, z: -0, w: 1}
  m_LocalPosition: {x: 0, y: 0, z: 0}
  m_LocalScale: {x: 1, y: 1, z: 1}
  m_Children: []
  m_Father: {fileID: 1105043311}
  m_RootOrder: 0
  m_LocalEulerAnglesHint: {x: 0, y: 0, z: 0}
  m_AnchorMin: {x: 0.5, y: 0.5}
  m_AnchorMax: {x: 0.5, y: 0.5}
  m_AnchoredPosition: {x: 0, y: 0}
  m_SizeDelta: {x: 160, y: 30}
  m_Pivot: {x: 0.5, y: 0.5}
--- !u!114 &804255726
MonoBehaviour:
  m_ObjectHideFlags: 0
  m_PrefabParentObject: {fileID: 0}
  m_PrefabInternal: {fileID: 0}
  m_GameObject: {fileID: 804255724}
  m_Enabled: 1
  m_EditorHideFlags: 0
  m_Script: {fileID: 708705254, guid: f5f67c52d1564df4a8936ccd202a3bd8, type: 3}
  m_Name: 
  m_EditorClassIdentifier: 
  m_Material: {fileID: 0}
  m_Color: {r: 0, g: 1, b: 1, a: 1}
  m_RaycastTarget: 1
  m_OnCullStateChanged:
    m_PersistentCalls:
      m_Calls: []
    m_TypeName: UnityEngine.UI.MaskableGraphic+CullStateChangedEvent, UnityEngine.UI,
      Version=1.0.0.0, Culture=neutral, PublicKeyToken=null
  m_FontData:
    m_Font: {fileID: 10102, guid: 0000000000000000e000000000000000, type: 0}
    m_FontSize: 40
    m_FontStyle: 1
    m_BestFit: 0
    m_MinSize: 4
    m_MaxSize: 40
    m_Alignment: 4
    m_AlignByGeometry: 0
    m_RichText: 1
    m_HorizontalOverflow: 1
    m_VerticalOverflow: 1
    m_LineSpacing: 1
  m_Text: 0
--- !u!222 &804255727
CanvasRenderer:
  m_ObjectHideFlags: 0
  m_PrefabParentObject: {fileID: 0}
  m_PrefabInternal: {fileID: 0}
  m_GameObject: {fileID: 804255724}
--- !u!1 &855185923
GameObject:
  m_ObjectHideFlags: 0
  m_PrefabParentObject: {fileID: 0}
  m_PrefabInternal: {fileID: 0}
  serializedVersion: 5
  m_Component:
  - component: {fileID: 855185925}
  - component: {fileID: 855185924}
  m_Layer: 0
  m_Name: LoggerCSV
  m_TagString: Untagged
  m_Icon: {fileID: 0}
  m_NavMeshLayer: 0
  m_StaticEditorFlags: 0
  m_IsActive: 1
--- !u!114 &855185924
MonoBehaviour:
  m_ObjectHideFlags: 0
  m_PrefabParentObject: {fileID: 0}
  m_PrefabInternal: {fileID: 0}
  m_GameObject: {fileID: 855185923}
  m_Enabled: 1
  m_EditorHideFlags: 0
  m_Script: {fileID: 11500000, guid: ec7cb3766b633ef44b6367860fea4165, type: 3}
  m_Name: 
  m_EditorClassIdentifier: 
  logDirectory: Resources
--- !u!4 &855185925
Transform:
  m_ObjectHideFlags: 0
  m_PrefabParentObject: {fileID: 0}
  m_PrefabInternal: {fileID: 0}
  m_GameObject: {fileID: 855185923}
  m_LocalRotation: {x: 0, y: 0, z: 0, w: 1}
  m_LocalPosition: {x: 18.632845, y: 1.884202, z: 36.961723}
  m_LocalScale: {x: 1, y: 1, z: 1}
  m_Children: []
  m_Father: {fileID: 0}
  m_RootOrder: 11
  m_LocalEulerAnglesHint: {x: 0, y: 0, z: 0}
--- !u!1001 &861161780
Prefab:
  m_ObjectHideFlags: 0
  serializedVersion: 2
  m_Modification:
    m_TransformParent: {fileID: 0}
    m_Modifications:
    - target: {fileID: 4000010885151136, guid: 0cde6e60d36bc704bbb651b8fe6a357a, type: 2}
      propertyPath: m_LocalPosition.x
      value: 0
      objectReference: {fileID: 0}
    - target: {fileID: 4000010885151136, guid: 0cde6e60d36bc704bbb651b8fe6a357a, type: 2}
      propertyPath: m_LocalPosition.y
      value: 3
      objectReference: {fileID: 0}
    - target: {fileID: 4000010885151136, guid: 0cde6e60d36bc704bbb651b8fe6a357a, type: 2}
      propertyPath: m_LocalPosition.z
      value: 12
      objectReference: {fileID: 0}
    - target: {fileID: 4000010885151136, guid: 0cde6e60d36bc704bbb651b8fe6a357a, type: 2}
      propertyPath: m_LocalRotation.x
      value: -0
      objectReference: {fileID: 0}
    - target: {fileID: 4000010885151136, guid: 0cde6e60d36bc704bbb651b8fe6a357a, type: 2}
      propertyPath: m_LocalRotation.y
      value: -0
      objectReference: {fileID: 0}
    - target: {fileID: 4000010885151136, guid: 0cde6e60d36bc704bbb651b8fe6a357a, type: 2}
      propertyPath: m_LocalRotation.z
      value: -0
      objectReference: {fileID: 0}
    - target: {fileID: 4000010885151136, guid: 0cde6e60d36bc704bbb651b8fe6a357a, type: 2}
      propertyPath: m_LocalRotation.w
      value: 1
      objectReference: {fileID: 0}
    - target: {fileID: 4000010885151136, guid: 0cde6e60d36bc704bbb651b8fe6a357a, type: 2}
      propertyPath: m_RootOrder
      value: 1
      objectReference: {fileID: 0}
    - target: {fileID: 1000011644282212, guid: 0cde6e60d36bc704bbb651b8fe6a357a, type: 2}
      propertyPath: m_IsActive
      value: 0
      objectReference: {fileID: 0}
    m_RemovedComponents: []
  m_ParentPrefab: {fileID: 100100000, guid: 0cde6e60d36bc704bbb651b8fe6a357a, type: 2}
  m_IsPrefabParent: 0
--- !u!1 &1050772216
GameObject:
  m_ObjectHideFlags: 0
  m_PrefabParentObject: {fileID: 0}
  m_PrefabInternal: {fileID: 0}
  serializedVersion: 5
  m_Component:
  - component: {fileID: 1050772217}
  m_Layer: 0
  m_Name: Directional Lights
  m_TagString: Untagged
  m_Icon: {fileID: 0}
  m_NavMeshLayer: 0
  m_StaticEditorFlags: 0
  m_IsActive: 1
--- !u!4 &1050772217
Transform:
  m_ObjectHideFlags: 0
  m_PrefabParentObject: {fileID: 0}
  m_PrefabInternal: {fileID: 0}
  m_GameObject: {fileID: 1050772216}
  m_LocalRotation: {x: 0, y: 0, z: 0, w: 1}
  m_LocalPosition: {x: 0, y: 0, z: 0}
  m_LocalScale: {x: 1, y: 1, z: 1}
  m_Children:
  - {fileID: 468311589}
  - {fileID: 544535753}
  - {fileID: 1331337075}
  m_Father: {fileID: 0}
  m_RootOrder: 2
  m_LocalEulerAnglesHint: {x: 0, y: 0, z: 0}
--- !u!1 &1058739526
GameObject:
  m_ObjectHideFlags: 0
  m_PrefabParentObject: {fileID: 0}
  m_PrefabInternal: {fileID: 0}
  serializedVersion: 5
  m_Component:
  - component: {fileID: 1058739527}
  - component: {fileID: 1058739529}
  - component: {fileID: 1058739528}
  m_Layer: 5
  m_Name: Crosshair
  m_TagString: Untagged
  m_Icon: {fileID: 0}
  m_NavMeshLayer: 0
  m_StaticEditorFlags: 0
  m_IsActive: 1
--- !u!224 &1058739527
RectTransform:
  m_ObjectHideFlags: 0
  m_PrefabParentObject: {fileID: 0}
  m_PrefabInternal: {fileID: 0}
  m_GameObject: {fileID: 1058739526}
  m_LocalRotation: {x: 0, y: 0, z: 0, w: 1}
  m_LocalPosition: {x: 0, y: 0, z: 0}
  m_LocalScale: {x: 1, y: 1, z: 1}
  m_Children: []
  m_Father: {fileID: 2094135608}
  m_RootOrder: 0
  m_LocalEulerAnglesHint: {x: 0, y: 0, z: 0}
  m_AnchorMin: {x: 0.5, y: 0.5}
  m_AnchorMax: {x: 0.5, y: 0.5}
  m_AnchoredPosition: {x: 0, y: -1}
  m_SizeDelta: {x: 144, y: 144}
  m_Pivot: {x: 0.5, y: 0.5}
--- !u!114 &1058739528
MonoBehaviour:
  m_ObjectHideFlags: 0
  m_PrefabParentObject: {fileID: 0}
  m_PrefabInternal: {fileID: 0}
  m_GameObject: {fileID: 1058739526}
  m_Enabled: 1
  m_EditorHideFlags: 0
  m_Script: {fileID: -765806418, guid: f5f67c52d1564df4a8936ccd202a3bd8, type: 3}
  m_Name: 
  m_EditorClassIdentifier: 
  m_Material: {fileID: 0}
  m_Color: {r: 1, g: 1, b: 1, a: 1}
  m_RaycastTarget: 1
  m_OnCullStateChanged:
    m_PersistentCalls:
      m_Calls: []
    m_TypeName: UnityEngine.UI.MaskableGraphic+CullStateChangedEvent, UnityEngine.UI,
      Version=1.0.0.0, Culture=neutral, PublicKeyToken=null
  m_Sprite: {fileID: 21300000, guid: 3418097785f8b46c1b9a97a685084f65, type: 3}
  m_Type: 0
  m_PreserveAspect: 0
  m_FillCenter: 1
  m_FillMethod: 4
  m_FillAmount: 1
  m_FillClockwise: 1
  m_FillOrigin: 0
--- !u!222 &1058739529
CanvasRenderer:
  m_ObjectHideFlags: 0
  m_PrefabParentObject: {fileID: 0}
  m_PrefabInternal: {fileID: 0}
  m_GameObject: {fileID: 1058739526}
--- !u!4 &1068834178 stripped
Transform:
  m_PrefabParentObject: {fileID: 4000013902719470, guid: 61f15e5f5209f4e40bae9826adcd9b47,
    type: 2}
  m_PrefabInternal: {fileID: 103924868}
--- !u!1 &1105043310
GameObject:
  m_ObjectHideFlags: 0
  m_PrefabParentObject: {fileID: 0}
  m_PrefabInternal: {fileID: 0}
  serializedVersion: 5
  m_Component:
  - component: {fileID: 1105043311}
  - component: {fileID: 1105043313}
  - component: {fileID: 1105043312}
  m_Layer: 5
  m_Name: Scoreboard
  m_TagString: Untagged
  m_Icon: {fileID: 0}
  m_NavMeshLayer: 0
  m_StaticEditorFlags: 0
  m_IsActive: 1
--- !u!224 &1105043311
RectTransform:
  m_ObjectHideFlags: 0
  m_PrefabParentObject: {fileID: 0}
  m_PrefabInternal: {fileID: 0}
  m_GameObject: {fileID: 1105043310}
  m_LocalRotation: {x: 0, y: 0, z: 0, w: 1}
  m_LocalPosition: {x: 0, y: 0, z: 0}
  m_LocalScale: {x: 1, y: 1, z: 1}
  m_Children:
  - {fileID: 804255725}
  - {fileID: 1979468287}
  m_Father: {fileID: 2094135608}
  m_RootOrder: 1
  m_LocalEulerAnglesHint: {x: 0, y: 0, z: 0}
  m_AnchorMin: {x: 0.5, y: 0.5}
  m_AnchorMax: {x: 0.5, y: 0.5}
  m_AnchoredPosition: {x: 0, y: 160}
  m_SizeDelta: {x: 160, y: 50}
  m_Pivot: {x: 0.5, y: 0.5}
--- !u!114 &1105043312
MonoBehaviour:
  m_ObjectHideFlags: 0
  m_PrefabParentObject: {fileID: 0}
  m_PrefabInternal: {fileID: 0}
  m_GameObject: {fileID: 1105043310}
  m_Enabled: 1
  m_EditorHideFlags: 0
  m_Script: {fileID: -765806418, guid: f5f67c52d1564df4a8936ccd202a3bd8, type: 3}
  m_Name: 
  m_EditorClassIdentifier: 
  m_Material: {fileID: 0}
  m_Color: {r: 0, g: 0, b: 0, a: 0.39215687}
  m_RaycastTarget: 1
  m_OnCullStateChanged:
    m_PersistentCalls:
      m_Calls: []
    m_TypeName: UnityEngine.UI.MaskableGraphic+CullStateChangedEvent, UnityEngine.UI,
      Version=1.0.0.0, Culture=neutral, PublicKeyToken=null
  m_Sprite: {fileID: 10911, guid: 0000000000000000f000000000000000, type: 0}
  m_Type: 1
  m_PreserveAspect: 0
  m_FillCenter: 1
  m_FillMethod: 4
  m_FillAmount: 1
  m_FillClockwise: 1
  m_FillOrigin: 0
--- !u!222 &1105043313
CanvasRenderer:
  m_ObjectHideFlags: 0
  m_PrefabParentObject: {fileID: 0}
  m_PrefabInternal: {fileID: 0}
  m_GameObject: {fileID: 1105043310}
--- !u!1001 &1122911182
Prefab:
  m_ObjectHideFlags: 0
  serializedVersion: 2
  m_Modification:
    m_TransformParent: {fileID: 292400294}
    m_Modifications:
    - target: {fileID: 413196, guid: f1698d511e2884c88bc628d80fefcfbe, type: 2}
      propertyPath: m_LocalPosition.x
      value: -2
      objectReference: {fileID: 0}
    - target: {fileID: 413196, guid: f1698d511e2884c88bc628d80fefcfbe, type: 2}
      propertyPath: m_LocalPosition.y
      value: 1
      objectReference: {fileID: 0}
    - target: {fileID: 413196, guid: f1698d511e2884c88bc628d80fefcfbe, type: 2}
      propertyPath: m_LocalPosition.z
      value: -6
      objectReference: {fileID: 0}
    - target: {fileID: 413196, guid: f1698d511e2884c88bc628d80fefcfbe, type: 2}
      propertyPath: m_LocalRotation.x
      value: 0
      objectReference: {fileID: 0}
    - target: {fileID: 413196, guid: f1698d511e2884c88bc628d80fefcfbe, type: 2}
      propertyPath: m_LocalRotation.y
      value: 0
      objectReference: {fileID: 0}
    - target: {fileID: 413196, guid: f1698d511e2884c88bc628d80fefcfbe, type: 2}
      propertyPath: m_LocalRotation.z
      value: 0
      objectReference: {fileID: 0}
    - target: {fileID: 413196, guid: f1698d511e2884c88bc628d80fefcfbe, type: 2}
      propertyPath: m_LocalRotation.w
      value: 1
      objectReference: {fileID: 0}
    - target: {fileID: 413196, guid: f1698d511e2884c88bc628d80fefcfbe, type: 2}
      propertyPath: m_RootOrder
      value: 6
      objectReference: {fileID: 0}
    - target: {fileID: 413196, guid: f1698d511e2884c88bc628d80fefcfbe, type: 2}
      propertyPath: m_LocalScale.y
      value: 1
      objectReference: {fileID: 0}
    - target: {fileID: 139898, guid: f1698d511e2884c88bc628d80fefcfbe, type: 2}
      propertyPath: m_Name
      value: Bumper4x4 (6)
      objectReference: {fileID: 0}
    m_RemovedComponents: []
  m_ParentPrefab: {fileID: 100100000, guid: f1698d511e2884c88bc628d80fefcfbe, type: 2}
  m_IsPrefabParent: 0
--- !u!4 &1122911183 stripped
Transform:
  m_PrefabParentObject: {fileID: 413196, guid: f1698d511e2884c88bc628d80fefcfbe, type: 2}
  m_PrefabInternal: {fileID: 1122911182}
--- !u!1001 &1176968392
Prefab:
  m_ObjectHideFlags: 0
  serializedVersion: 2
  m_Modification:
    m_TransformParent: {fileID: 292400294}
    m_Modifications:
    - target: {fileID: 413196, guid: f1698d511e2884c88bc628d80fefcfbe, type: 2}
      propertyPath: m_LocalPosition.x
      value: 6
      objectReference: {fileID: 0}
    - target: {fileID: 413196, guid: f1698d511e2884c88bc628d80fefcfbe, type: 2}
      propertyPath: m_LocalPosition.y
      value: 1
      objectReference: {fileID: 0}
    - target: {fileID: 413196, guid: f1698d511e2884c88bc628d80fefcfbe, type: 2}
      propertyPath: m_LocalPosition.z
      value: -6
      objectReference: {fileID: 0}
    - target: {fileID: 413196, guid: f1698d511e2884c88bc628d80fefcfbe, type: 2}
      propertyPath: m_LocalRotation.x
      value: 0
      objectReference: {fileID: 0}
    - target: {fileID: 413196, guid: f1698d511e2884c88bc628d80fefcfbe, type: 2}
      propertyPath: m_LocalRotation.y
      value: 0
      objectReference: {fileID: 0}
    - target: {fileID: 413196, guid: f1698d511e2884c88bc628d80fefcfbe, type: 2}
      propertyPath: m_LocalRotation.z
      value: 0
      objectReference: {fileID: 0}
    - target: {fileID: 413196, guid: f1698d511e2884c88bc628d80fefcfbe, type: 2}
      propertyPath: m_LocalRotation.w
      value: 1
      objectReference: {fileID: 0}
    - target: {fileID: 413196, guid: f1698d511e2884c88bc628d80fefcfbe, type: 2}
      propertyPath: m_RootOrder
      value: 8
      objectReference: {fileID: 0}
    - target: {fileID: 139898, guid: f1698d511e2884c88bc628d80fefcfbe, type: 2}
      propertyPath: m_Name
      value: Bumper4x4 (4)
      objectReference: {fileID: 0}
    m_RemovedComponents: []
  m_ParentPrefab: {fileID: 100100000, guid: f1698d511e2884c88bc628d80fefcfbe, type: 2}
  m_IsPrefabParent: 0
--- !u!4 &1176968393 stripped
Transform:
  m_PrefabParentObject: {fileID: 413196, guid: f1698d511e2884c88bc628d80fefcfbe, type: 2}
  m_PrefabInternal: {fileID: 1176968392}
--- !u!1 &1210327621 stripped
GameObject:
  m_PrefabParentObject: {fileID: 1000010699291940, guid: 19691255f9cc1824589284127d67f203,
    type: 2}
  m_PrefabInternal: {fileID: 85379041}
--- !u!82 &1210327627 stripped
AudioSource:
  m_PrefabParentObject: {fileID: 82000011611737248, guid: 19691255f9cc1824589284127d67f203,
    type: 2}
  m_PrefabInternal: {fileID: 85379041}
--- !u!114 &1210327631
MonoBehaviour:
  m_ObjectHideFlags: 0
  m_PrefabParentObject: {fileID: 0}
  m_PrefabInternal: {fileID: 0}
  m_GameObject: {fileID: 1210327621}
  m_Enabled: 1
  m_EditorHideFlags: 0
  m_Script: {fileID: 11500000, guid: 0bf81ce52bea74e6bb1edf7dd3f6fc21, type: 3}
  m_Name: 
  m_EditorClassIdentifier: 
  projectile: {fileID: 1000013562993308, guid: f5ebcf356d3e48e4f86e7dcd97bdcafb, type: 2}
  power: 200
  shootSFX: {fileID: 8300000, guid: c96ad3bbb7e994ae782d9a1f782e4d9b, type: 3}
--- !u!1 &1331337073
GameObject:
  m_ObjectHideFlags: 0
  m_PrefabParentObject: {fileID: 0}
  m_PrefabInternal: {fileID: 0}
  serializedVersion: 5
  m_Component:
  - component: {fileID: 1331337075}
  - component: {fileID: 1331337074}
  m_Layer: 0
  m_Name: Directional Light
  m_TagString: Untagged
  m_Icon: {fileID: 0}
  m_NavMeshLayer: 0
  m_StaticEditorFlags: 0
  m_IsActive: 1
--- !u!108 &1331337074
Light:
  m_ObjectHideFlags: 0
  m_PrefabParentObject: {fileID: 0}
  m_PrefabInternal: {fileID: 0}
  m_GameObject: {fileID: 1331337073}
  m_Enabled: 1
  serializedVersion: 8
  m_Type: 1
  m_Color: {r: 1, g: 1, b: 1, a: 1}
  m_Intensity: 1
  m_Range: 10
  m_SpotAngle: 30
  m_CookieSize: 10
  m_Shadows:
    m_Type: 2
    m_Resolution: -1
    m_CustomResolution: -1
    m_Strength: 1
    m_Bias: 0.05
    m_NormalBias: 0.4
    m_NearPlane: 0.2
  m_Cookie: {fileID: 0}
  m_DrawHalo: 0
  m_Flare: {fileID: 0}
  m_RenderMode: 0
  m_CullingMask:
    serializedVersion: 2
    m_Bits: 4294967295
  m_Lightmapping: 1
  m_AreaSize: {x: 1, y: 1}
  m_BounceIntensity: 1
  m_ColorTemperature: 6570
  m_UseColorTemperature: 0
  m_ShadowRadius: 0
  m_ShadowAngle: 0
--- !u!4 &1331337075
Transform:
  m_ObjectHideFlags: 0
  m_PrefabParentObject: {fileID: 0}
  m_PrefabInternal: {fileID: 0}
  m_GameObject: {fileID: 1331337073}
  m_LocalRotation: {x: 0.2798011, y: -0.24772252, z: 0.07497244, w: 0.9245129}
  m_LocalPosition: {x: 0, y: 3.3263807, z: 0}
  m_LocalScale: {x: 1, y: 1, z: 1}
  m_Children: []
  m_Father: {fileID: 1050772217}
  m_RootOrder: 2
  m_LocalEulerAnglesHint: {x: 0, y: 0, z: 0}
--- !u!1001 &1368615998
Prefab:
  m_ObjectHideFlags: 0
  serializedVersion: 2
  m_Modification:
    m_TransformParent: {fileID: 292400294}
    m_Modifications:
    - target: {fileID: 413196, guid: f1698d511e2884c88bc628d80fefcfbe, type: 2}
      propertyPath: m_LocalPosition.x
      value: 2
      objectReference: {fileID: 0}
    - target: {fileID: 413196, guid: f1698d511e2884c88bc628d80fefcfbe, type: 2}
      propertyPath: m_LocalPosition.y
      value: 1
      objectReference: {fileID: 0}
    - target: {fileID: 413196, guid: f1698d511e2884c88bc628d80fefcfbe, type: 2}
      propertyPath: m_LocalPosition.z
      value: 6
      objectReference: {fileID: 0}
    - target: {fileID: 413196, guid: f1698d511e2884c88bc628d80fefcfbe, type: 2}
      propertyPath: m_LocalRotation.x
      value: 0
      objectReference: {fileID: 0}
    - target: {fileID: 413196, guid: f1698d511e2884c88bc628d80fefcfbe, type: 2}
      propertyPath: m_LocalRotation.y
      value: 0
      objectReference: {fileID: 0}
    - target: {fileID: 413196, guid: f1698d511e2884c88bc628d80fefcfbe, type: 2}
      propertyPath: m_LocalRotation.z
      value: 0
      objectReference: {fileID: 0}
    - target: {fileID: 413196, guid: f1698d511e2884c88bc628d80fefcfbe, type: 2}
      propertyPath: m_LocalRotation.w
      value: 1
      objectReference: {fileID: 0}
    - target: {fileID: 413196, guid: f1698d511e2884c88bc628d80fefcfbe, type: 2}
      propertyPath: m_RootOrder
      value: 3
      objectReference: {fileID: 0}
    - target: {fileID: 413196, guid: f1698d511e2884c88bc628d80fefcfbe, type: 2}
      propertyPath: m_LocalScale.y
      value: 1
      objectReference: {fileID: 0}
    - target: {fileID: 139898, guid: f1698d511e2884c88bc628d80fefcfbe, type: 2}
      propertyPath: m_Name
      value: Bumper4x4 (2)
      objectReference: {fileID: 0}
    m_RemovedComponents: []
  m_ParentPrefab: {fileID: 100100000, guid: f1698d511e2884c88bc628d80fefcfbe, type: 2}
  m_IsPrefabParent: 0
--- !u!4 &1368615999 stripped
Transform:
  m_PrefabParentObject: {fileID: 413196, guid: f1698d511e2884c88bc628d80fefcfbe, type: 2}
  m_PrefabInternal: {fileID: 1368615998}
--- !u!1001 &1393368516
Prefab:
  m_ObjectHideFlags: 0
  serializedVersion: 2
  m_Modification:
    m_TransformParent: {fileID: 2102808756}
    m_Modifications:
    - target: {fileID: 4000013902719470, guid: 61f15e5f5209f4e40bae9826adcd9b47, type: 2}
      propertyPath: m_LocalPosition.x
      value: 0
      objectReference: {fileID: 0}
    - target: {fileID: 4000013902719470, guid: 61f15e5f5209f4e40bae9826adcd9b47, type: 2}
      propertyPath: m_LocalPosition.y
      value: 3
      objectReference: {fileID: 0}
    - target: {fileID: 4000013902719470, guid: 61f15e5f5209f4e40bae9826adcd9b47, type: 2}
      propertyPath: m_LocalPosition.z
      value: -14
      objectReference: {fileID: 0}
    - target: {fileID: 4000013902719470, guid: 61f15e5f5209f4e40bae9826adcd9b47, type: 2}
      propertyPath: m_LocalRotation.x
      value: -0
      objectReference: {fileID: 0}
    - target: {fileID: 4000013902719470, guid: 61f15e5f5209f4e40bae9826adcd9b47, type: 2}
      propertyPath: m_LocalRotation.y
      value: 1
      objectReference: {fileID: 0}
    - target: {fileID: 4000013902719470, guid: 61f15e5f5209f4e40bae9826adcd9b47, type: 2}
      propertyPath: m_LocalRotation.z
      value: -0
      objectReference: {fileID: 0}
    - target: {fileID: 4000013902719470, guid: 61f15e5f5209f4e40bae9826adcd9b47, type: 2}
      propertyPath: m_LocalRotation.w
      value: 0
      objectReference: {fileID: 0}
    - target: {fileID: 4000013902719470, guid: 61f15e5f5209f4e40bae9826adcd9b47, type: 2}
      propertyPath: m_RootOrder
      value: 1
      objectReference: {fileID: 0}
    - target: {fileID: 1000010795551742, guid: 61f15e5f5209f4e40bae9826adcd9b47, type: 2}
      propertyPath: m_Name
      value: PlayAgain (1)
      objectReference: {fileID: 0}
    - target: {fileID: 4000013902719470, guid: 61f15e5f5209f4e40bae9826adcd9b47, type: 2}
      propertyPath: m_LocalEulerAnglesHint.y
      value: 180
      objectReference: {fileID: 0}
    m_RemovedComponents: []
  m_ParentPrefab: {fileID: 100100000, guid: 61f15e5f5209f4e40bae9826adcd9b47, type: 2}
  m_IsPrefabParent: 0
--- !u!4 &1393368517 stripped
Transform:
  m_PrefabParentObject: {fileID: 4000013902719470, guid: 61f15e5f5209f4e40bae9826adcd9b47,
    type: 2}
  m_PrefabInternal: {fileID: 1393368516}
--- !u!1001 &1422393772
Prefab:
  m_ObjectHideFlags: 0
  serializedVersion: 2
  m_Modification:
    m_TransformParent: {fileID: 2057220357}
    m_Modifications:
    - target: {fileID: 4000013902719470, guid: 61f15e5f5209f4e40bae9826adcd9b47, type: 2}
      propertyPath: m_LocalPosition.x
      value: 0
      objectReference: {fileID: 0}
    - target: {fileID: 4000013902719470, guid: 61f15e5f5209f4e40bae9826adcd9b47, type: 2}
      propertyPath: m_LocalPosition.y
      value: 3
      objectReference: {fileID: 0}
    - target: {fileID: 4000013902719470, guid: 61f15e5f5209f4e40bae9826adcd9b47, type: 2}
      propertyPath: m_LocalPosition.z
      value: -14
      objectReference: {fileID: 0}
    - target: {fileID: 4000013902719470, guid: 61f15e5f5209f4e40bae9826adcd9b47, type: 2}
      propertyPath: m_LocalRotation.x
      value: -0
      objectReference: {fileID: 0}
    - target: {fileID: 4000013902719470, guid: 61f15e5f5209f4e40bae9826adcd9b47, type: 2}
      propertyPath: m_LocalRotation.y
      value: 1
      objectReference: {fileID: 0}
    - target: {fileID: 4000013902719470, guid: 61f15e5f5209f4e40bae9826adcd9b47, type: 2}
      propertyPath: m_LocalRotation.z
      value: -0
      objectReference: {fileID: 0}
    - target: {fileID: 4000013902719470, guid: 61f15e5f5209f4e40bae9826adcd9b47, type: 2}
      propertyPath: m_LocalRotation.w
      value: 0
      objectReference: {fileID: 0}
    - target: {fileID: 4000013902719470, guid: 61f15e5f5209f4e40bae9826adcd9b47, type: 2}
      propertyPath: m_RootOrder
      value: 1
      objectReference: {fileID: 0}
    - target: {fileID: 1000010795551742, guid: 61f15e5f5209f4e40bae9826adcd9b47, type: 2}
      propertyPath: m_Name
      value: NextLevel (1)
      objectReference: {fileID: 0}
    - target: {fileID: 4000013902719470, guid: 61f15e5f5209f4e40bae9826adcd9b47, type: 2}
      propertyPath: m_LocalEulerAnglesHint.y
      value: 180
      objectReference: {fileID: 0}
    - target: {fileID: 102000010097613166, guid: 61f15e5f5209f4e40bae9826adcd9b47,
        type: 2}
      propertyPath: m_Text
      value: 'NEXT LEVEL

'
      objectReference: {fileID: 0}
    - target: {fileID: 102000010097613166, guid: 61f15e5f5209f4e40bae9826adcd9b47,
        type: 2}
      propertyPath: m_Color.rgba
      value: 2521648639
      objectReference: {fileID: 0}
    m_RemovedComponents:
    - {fileID: 114000013937760168, guid: 61f15e5f5209f4e40bae9826adcd9b47, type: 2}
  m_ParentPrefab: {fileID: 100100000, guid: 61f15e5f5209f4e40bae9826adcd9b47, type: 2}
  m_IsPrefabParent: 0
--- !u!1 &1721766522 stripped
GameObject:
  m_PrefabParentObject: {fileID: 117580, guid: ffb928c848c354c0197a6c35f9ef86de, type: 2}
  m_PrefabInternal: {fileID: 1839831325}
--- !u!114 &1721766527
MonoBehaviour:
  m_ObjectHideFlags: 0
  m_PrefabParentObject: {fileID: 0}
  m_PrefabInternal: {fileID: 0}
  m_GameObject: {fileID: 1721766522}
  m_Enabled: 1
  m_EditorHideFlags: 0
  m_Script: {fileID: 11500000, guid: 593d4dac0a56d48dc96203b26863ebe9, type: 3}
  m_Name: 
  m_EditorClassIdentifier: 
  XSensitivity: 2
  YSensitivity: 2
  clampVerticalRotation: 1
  MinimumX: -90
  MaximumX: 90
  smooth: 0
  smoothTime: 5
--- !u!1001 &1769449302
Prefab:
  m_ObjectHideFlags: 0
  serializedVersion: 2
  m_Modification:
    m_TransformParent: {fileID: 2057220357}
    m_Modifications:
    - target: {fileID: 4000013902719470, guid: 61f15e5f5209f4e40bae9826adcd9b47, type: 2}
      propertyPath: m_LocalPosition.x
      value: -14
      objectReference: {fileID: 0}
    - target: {fileID: 4000013902719470, guid: 61f15e5f5209f4e40bae9826adcd9b47, type: 2}
      propertyPath: m_LocalPosition.y
      value: 3
      objectReference: {fileID: 0}
    - target: {fileID: 4000013902719470, guid: 61f15e5f5209f4e40bae9826adcd9b47, type: 2}
      propertyPath: m_LocalPosition.z
      value: 0
      objectReference: {fileID: 0}
    - target: {fileID: 4000013902719470, guid: 61f15e5f5209f4e40bae9826adcd9b47, type: 2}
      propertyPath: m_LocalRotation.x
      value: -0
      objectReference: {fileID: 0}
    - target: {fileID: 4000013902719470, guid: 61f15e5f5209f4e40bae9826adcd9b47, type: 2}
      propertyPath: m_LocalRotation.y
      value: -0.7071068
      objectReference: {fileID: 0}
    - target: {fileID: 4000013902719470, guid: 61f15e5f5209f4e40bae9826adcd9b47, type: 2}
      propertyPath: m_LocalRotation.z
      value: -0
      objectReference: {fileID: 0}
    - target: {fileID: 4000013902719470, guid: 61f15e5f5209f4e40bae9826adcd9b47, type: 2}
      propertyPath: m_LocalRotation.w
      value: 0.7071068
      objectReference: {fileID: 0}
    - target: {fileID: 4000013902719470, guid: 61f15e5f5209f4e40bae9826adcd9b47, type: 2}
      propertyPath: m_RootOrder
      value: 3
      objectReference: {fileID: 0}
    - target: {fileID: 1000010795551742, guid: 61f15e5f5209f4e40bae9826adcd9b47, type: 2}
      propertyPath: m_Name
      value: NextLevel (3)
      objectReference: {fileID: 0}
    - target: {fileID: 4000013902719470, guid: 61f15e5f5209f4e40bae9826adcd9b47, type: 2}
      propertyPath: m_LocalEulerAnglesHint.y
      value: -90
      objectReference: {fileID: 0}
    - target: {fileID: 4000013902719470, guid: 61f15e5f5209f4e40bae9826adcd9b47, type: 2}
      propertyPath: m_LocalScale.x
      value: 1
      objectReference: {fileID: 0}
    - target: {fileID: 4000013902719470, guid: 61f15e5f5209f4e40bae9826adcd9b47, type: 2}
      propertyPath: m_LocalScale.z
      value: 1
      objectReference: {fileID: 0}
    - target: {fileID: 102000010097613166, guid: 61f15e5f5209f4e40bae9826adcd9b47,
        type: 2}
      propertyPath: m_Text
      value: NEXT LEVEL
      objectReference: {fileID: 0}
    - target: {fileID: 102000010097613166, guid: 61f15e5f5209f4e40bae9826adcd9b47,
        type: 2}
      propertyPath: m_Color.rgba
      value: 2521648639
      objectReference: {fileID: 0}
    m_RemovedComponents:
    - {fileID: 114000013937760168, guid: 61f15e5f5209f4e40bae9826adcd9b47, type: 2}
  m_ParentPrefab: {fileID: 100100000, guid: 61f15e5f5209f4e40bae9826adcd9b47, type: 2}
  m_IsPrefabParent: 0
--- !u!1001 &1839831325
Prefab:
  m_ObjectHideFlags: 0
  serializedVersion: 2
  m_Modification:
    m_TransformParent: {fileID: 292400294}
    m_Modifications:
    - target: {fileID: 418112, guid: ffb928c848c354c0197a6c35f9ef86de, type: 2}
      propertyPath: m_LocalPosition.x
      value: 0
      objectReference: {fileID: 0}
    - target: {fileID: 418112, guid: ffb928c848c354c0197a6c35f9ef86de, type: 2}
      propertyPath: m_LocalPosition.y
      value: 0
      objectReference: {fileID: 0}
    - target: {fileID: 418112, guid: ffb928c848c354c0197a6c35f9ef86de, type: 2}
      propertyPath: m_LocalPosition.z
      value: 0
      objectReference: {fileID: 0}
    - target: {fileID: 418112, guid: ffb928c848c354c0197a6c35f9ef86de, type: 2}
      propertyPath: m_LocalRotation.x
      value: 0
      objectReference: {fileID: 0}
    - target: {fileID: 418112, guid: ffb928c848c354c0197a6c35f9ef86de, type: 2}
      propertyPath: m_LocalRotation.y
      value: 0
      objectReference: {fileID: 0}
    - target: {fileID: 418112, guid: ffb928c848c354c0197a6c35f9ef86de, type: 2}
      propertyPath: m_LocalRotation.z
      value: 0
      objectReference: {fileID: 0}
    - target: {fileID: 418112, guid: ffb928c848c354c0197a6c35f9ef86de, type: 2}
      propertyPath: m_LocalRotation.w
      value: 1
      objectReference: {fileID: 0}
    - target: {fileID: 418112, guid: ffb928c848c354c0197a6c35f9ef86de, type: 2}
      propertyPath: m_RootOrder
      value: 0
      objectReference: {fileID: 0}
    - target: {fileID: 117580, guid: ffb928c848c354c0197a6c35f9ef86de, type: 2}
      propertyPath: m_IsActive
      value: 0
      objectReference: {fileID: 0}
    m_RemovedComponents: []
  m_ParentPrefab: {fileID: 100100000, guid: ffb928c848c354c0197a6c35f9ef86de, type: 2}
  m_IsPrefabParent: 0
--- !u!4 &1839831326 stripped
Transform:
  m_PrefabParentObject: {fileID: 418112, guid: ffb928c848c354c0197a6c35f9ef86de, type: 2}
  m_PrefabInternal: {fileID: 1839831325}
--- !u!1 &1901097674
GameObject:
  m_ObjectHideFlags: 0
  m_PrefabParentObject: {fileID: 0}
  m_PrefabInternal: {fileID: 0}
  serializedVersion: 5
  m_Component:
  - component: {fileID: 1901097675}
  - component: {fileID: 1901097677}
  - component: {fileID: 1901097676}
  m_Layer: 5
  m_Name: Level Text
  m_TagString: Untagged
  m_Icon: {fileID: 0}
  m_NavMeshLayer: 0
  m_StaticEditorFlags: 0
  m_IsActive: 1
--- !u!224 &1901097675
RectTransform:
  m_ObjectHideFlags: 0
  m_PrefabParentObject: {fileID: 0}
  m_PrefabInternal: {fileID: 0}
  m_GameObject: {fileID: 1901097674}
  m_LocalRotation: {x: -0, y: -0, z: -0, w: 1}
  m_LocalPosition: {x: 0, y: 0, z: 0}
  m_LocalScale: {x: 1, y: 1, z: 1}
  m_Children: []
  m_Father: {fileID: 2094135608}
  m_RootOrder: 3
  m_LocalEulerAnglesHint: {x: 0, y: 0, z: 0}
  m_AnchorMin: {x: 0.5, y: 0.5}
  m_AnchorMax: {x: 0.5, y: 0.5}
  m_AnchoredPosition: {x: -99, y: 201}
  m_SizeDelta: {x: 160, y: 30}
  m_Pivot: {x: 0.5, y: 0.5}
--- !u!114 &1901097676
MonoBehaviour:
  m_ObjectHideFlags: 0
  m_PrefabParentObject: {fileID: 0}
  m_PrefabInternal: {fileID: 0}
  m_GameObject: {fileID: 1901097674}
  m_Enabled: 1
  m_EditorHideFlags: 0
  m_Script: {fileID: 708705254, guid: f5f67c52d1564df4a8936ccd202a3bd8, type: 3}
  m_Name: 
  m_EditorClassIdentifier: 
  m_Material: {fileID: 0}
  m_Color: {r: 1, g: 1, b: 0, a: 1}
  m_RaycastTarget: 1
  m_OnCullStateChanged:
    m_PersistentCalls:
      m_Calls: []
    m_TypeName: UnityEngine.UI.MaskableGraphic+CullStateChangedEvent, UnityEngine.UI,
      Version=1.0.0.0, Culture=neutral, PublicKeyToken=null
  m_FontData:
    m_Font: {fileID: 10102, guid: 0000000000000000e000000000000000, type: 0}
    m_FontSize: 22
    m_FontStyle: 1
    m_BestFit: 0
    m_MinSize: 2
    m_MaxSize: 40
    m_Alignment: 3
    m_AlignByGeometry: 0
    m_RichText: 1
    m_HorizontalOverflow: 0
    m_VerticalOverflow: 0
    m_LineSpacing: 1
  m_Text: Level 1
--- !u!222 &1901097677
CanvasRenderer:
  m_ObjectHideFlags: 0
  m_PrefabParentObject: {fileID: 0}
  m_PrefabInternal: {fileID: 0}
  m_GameObject: {fileID: 1901097674}
--- !u!1 &1938156190
GameObject:
  m_ObjectHideFlags: 0
  m_PrefabParentObject: {fileID: 0}
  m_PrefabInternal: {fileID: 0}
  serializedVersion: 5
  m_Component:
  - component: {fileID: 1938156192}
  - component: {fileID: 1938156191}
  m_Layer: 0
  m_Name: Spawner
  m_TagString: Untagged
  m_Icon: {fileID: 0}
  m_NavMeshLayer: 0
  m_StaticEditorFlags: 0
  m_IsActive: 1
--- !u!114 &1938156191
MonoBehaviour:
  m_ObjectHideFlags: 0
  m_PrefabParentObject: {fileID: 0}
  m_PrefabInternal: {fileID: 0}
  m_GameObject: {fileID: 1938156190}
  m_Enabled: 1
  m_EditorHideFlags: 0
  m_Script: {fileID: 11500000, guid: 8c094b4c713fa444baa785eb9fff38c0, type: 3}
  m_Name: 
  m_EditorClassIdentifier: 
  secondsBetweenSpawning: 0.1
  xMinRange: -25
  xMaxRange: 25
  yMinRange: 8
  yMaxRange: 25
  zMinRange: -25
  zMaxRange: 25
  spawnObjects:
  - {fileID: 1000012652794676, guid: b968d1adf92db7f47ab54e0de460bb95, type: 2}
  - {fileID: 1000012652794676, guid: c6127246363160d42bde525abf8a645b, type: 2}
  - {fileID: 1000011644282212, guid: 0cde6e60d36bc704bbb651b8fe6a357a, type: 2}
  - {fileID: 1000011008003546, guid: 746eb6c36bf0eb7408180bf83d65306c, type: 2}
--- !u!4 &1938156192
Transform:
  m_ObjectHideFlags: 0
  m_PrefabParentObject: {fileID: 0}
  m_PrefabInternal: {fileID: 0}
  m_GameObject: {fileID: 1938156190}
  m_LocalRotation: {x: 0, y: 0, z: 0, w: 1}
  m_LocalPosition: {x: 0, y: 0, z: 0}
  m_LocalScale: {x: 1, y: 1, z: 1}
  m_Children: []
  m_Father: {fileID: 0}
  m_RootOrder: 8
  m_LocalEulerAnglesHint: {x: 0, y: 0, z: 0}
--- !u!1 &1949490573
GameObject:
  m_ObjectHideFlags: 0
  m_PrefabParentObject: {fileID: 0}
  m_PrefabInternal: {fileID: 0}
  serializedVersion: 5
  m_Component:
  - component: {fileID: 1949490576}
  - component: {fileID: 1949490575}
  - component: {fileID: 1949490574}
  - component: {fileID: 1949490577}
  - component: {fileID: 1949490578}
  m_Layer: 0
  m_Name: Terrain
  m_TagString: Untagged
  m_Icon: {fileID: 0}
  m_NavMeshLayer: 0
  m_StaticEditorFlags: 4294967294
  m_IsActive: 1
--- !u!54 &1949490574
Rigidbody:
  m_ObjectHideFlags: 0
  m_PrefabParentObject: {fileID: 0}
  m_PrefabInternal: {fileID: 0}
  m_GameObject: {fileID: 1949490573}
  serializedVersion: 2
  m_Mass: 1
  m_Drag: 0
  m_AngularDrag: 0.05
  m_UseGravity: 1
  m_IsKinematic: 1
  m_Interpolate: 0
  m_Constraints: 126
  m_CollisionDetection: 1
--- !u!218 &1949490575
Terrain:
  m_ObjectHideFlags: 0
  m_PrefabParentObject: {fileID: 0}
  m_PrefabInternal: {fileID: 0}
  m_GameObject: {fileID: 1949490573}
  m_Enabled: 1
  serializedVersion: 3
  m_TerrainData: {fileID: 15600000, guid: 3a4553abec76dcf4d8d8725757ea1eb3, type: 2}
  m_TreeDistance: 649
  m_TreeBillboardDistance: 50
  m_TreeCrossFadeLength: 5
  m_TreeMaximumFullLODCount: 50
  m_DetailObjectDistance: 43
  m_DetailObjectDensity: 0.336
  m_HeightmapPixelError: 1
  m_SplatMapDistance: 302
  m_HeightmapMaximumLOD: 0
  m_CastShadows: 0
  m_DrawHeightmap: 1
  m_DrawTreesAndFoliage: 1
  m_ReflectionProbeUsage: 0
  m_MaterialType: 0
  m_LegacySpecular:
    serializedVersion: 2
    rgba: 4286545791
  m_LegacyShininess: 0.078125
  m_MaterialTemplate: {fileID: 0}
  m_BakeLightProbesForTrees: 0
  m_ScaleInLightmap: 0.0512
  m_LightmapParameters: {fileID: 15204, guid: 0000000000000000f000000000000000, type: 0}
--- !u!4 &1949490576
Transform:
  m_ObjectHideFlags: 0
  m_PrefabParentObject: {fileID: 0}
  m_PrefabInternal: {fileID: 0}
  m_GameObject: {fileID: 1949490573}
  m_LocalRotation: {x: 0, y: 0, z: 0, w: 1}
  m_LocalPosition: {x: -200, y: -0.3, z: -200}
  m_LocalScale: {x: 1, y: 1, z: 1}
  m_Children: []
  m_Father: {fileID: 0}
  m_RootOrder: 10
  m_LocalEulerAnglesHint: {x: 0, y: 0, z: 0}
--- !u!154 &1949490577
TerrainCollider:
  m_ObjectHideFlags: 0
  m_PrefabParentObject: {fileID: 0}
  m_PrefabInternal: {fileID: 0}
  m_GameObject: {fileID: 1949490573}
  m_Material: {fileID: 0}
  m_Enabled: 1
  m_TerrainData: {fileID: 15600000, guid: 3a4553abec76dcf4d8d8725757ea1eb3, type: 2}
  m_EnableTreeColliders: 1
--- !u!64 &1949490578
MeshCollider:
  m_ObjectHideFlags: 0
  m_PrefabParentObject: {fileID: 0}
  m_PrefabInternal: {fileID: 0}
  m_GameObject: {fileID: 1949490573}
  m_Material: {fileID: 0}
  m_IsTrigger: 0
  m_Enabled: 1
  serializedVersion: 3
  m_Convex: 0
  m_CookingOptions: 14
  m_SkinWidth: 0.01
  m_Mesh: {fileID: 4300002, guid: 622a87b3379022740be7e2efea3ebd33, type: 3}
--- !u!1 &1979468286
GameObject:
  m_ObjectHideFlags: 0
  m_PrefabParentObject: {fileID: 0}
  m_PrefabInternal: {fileID: 0}
  serializedVersion: 5
  m_Component:
  - component: {fileID: 1979468287}
  - component: {fileID: 1979468289}
  - component: {fileID: 1979468288}
  m_Layer: 5
  m_Name: GameOver Score Outline
  m_TagString: Untagged
  m_Icon: {fileID: 0}
  m_NavMeshLayer: 0
  m_StaticEditorFlags: 0
  m_IsActive: 0
--- !u!224 &1979468287
RectTransform:
  m_ObjectHideFlags: 0
  m_PrefabParentObject: {fileID: 0}
  m_PrefabInternal: {fileID: 0}
  m_GameObject: {fileID: 1979468286}
  m_LocalRotation: {x: -0, y: -0, z: -0, w: 1}
  m_LocalPosition: {x: 0, y: 0, z: 0}
  m_LocalScale: {x: 1, y: 1, z: 1}
  m_Children: []
  m_Father: {fileID: 1105043311}
  m_RootOrder: 1
  m_LocalEulerAnglesHint: {x: 0, y: 0, z: 0}
  m_AnchorMin: {x: 0.5, y: 0.5}
  m_AnchorMax: {x: 0.5, y: 0.5}
  m_AnchoredPosition: {x: 0, y: -0.00000035762787}
  m_SizeDelta: {x: 160, y: 50}
  m_Pivot: {x: 0.5, y: 0.5}
--- !u!114 &1979468288
MonoBehaviour:
  m_ObjectHideFlags: 0
  m_PrefabParentObject: {fileID: 0}
  m_PrefabInternal: {fileID: 0}
  m_GameObject: {fileID: 1979468286}
  m_Enabled: 1
  m_EditorHideFlags: 0
  m_Script: {fileID: -765806418, guid: f5f67c52d1564df4a8936ccd202a3bd8, type: 3}
  m_Name: 
  m_EditorClassIdentifier: 
  m_Material: {fileID: 0}
  m_Color: {r: 0, g: 1, b: 1, a: 1}
  m_RaycastTarget: 1
  m_OnCullStateChanged:
    m_PersistentCalls:
      m_Calls: []
    m_TypeName: UnityEngine.UI.MaskableGraphic+CullStateChangedEvent, UnityEngine.UI,
      Version=1.0.0.0, Culture=neutral, PublicKeyToken=null
  m_Sprite: {fileID: 10911, guid: 0000000000000000f000000000000000, type: 0}
  m_Type: 1
  m_PreserveAspect: 0
  m_FillCenter: 0
  m_FillMethod: 4
  m_FillAmount: 1
  m_FillClockwise: 1
  m_FillOrigin: 0
--- !u!222 &1979468289
CanvasRenderer:
  m_ObjectHideFlags: 0
  m_PrefabParentObject: {fileID: 0}
  m_PrefabInternal: {fileID: 0}
  m_GameObject: {fileID: 1979468286}
--- !u!1001 &2023089472
Prefab:
  m_ObjectHideFlags: 0
  serializedVersion: 2
  m_Modification:
    m_TransformParent: {fileID: 2102808756}
    m_Modifications:
    - target: {fileID: 4000013902719470, guid: 61f15e5f5209f4e40bae9826adcd9b47, type: 2}
      propertyPath: m_LocalPosition.x
      value: 14
      objectReference: {fileID: 0}
    - target: {fileID: 4000013902719470, guid: 61f15e5f5209f4e40bae9826adcd9b47, type: 2}
      propertyPath: m_LocalPosition.y
      value: 3
      objectReference: {fileID: 0}
    - target: {fileID: 4000013902719470, guid: 61f15e5f5209f4e40bae9826adcd9b47, type: 2}
      propertyPath: m_LocalPosition.z
      value: 0
      objectReference: {fileID: 0}
    - target: {fileID: 4000013902719470, guid: 61f15e5f5209f4e40bae9826adcd9b47, type: 2}
      propertyPath: m_LocalRotation.x
      value: -0
      objectReference: {fileID: 0}
    - target: {fileID: 4000013902719470, guid: 61f15e5f5209f4e40bae9826adcd9b47, type: 2}
      propertyPath: m_LocalRotation.y
      value: 0.7071068
      objectReference: {fileID: 0}
    - target: {fileID: 4000013902719470, guid: 61f15e5f5209f4e40bae9826adcd9b47, type: 2}
      propertyPath: m_LocalRotation.z
      value: -0
      objectReference: {fileID: 0}
    - target: {fileID: 4000013902719470, guid: 61f15e5f5209f4e40bae9826adcd9b47, type: 2}
      propertyPath: m_LocalRotation.w
      value: 0.7071068
      objectReference: {fileID: 0}
    - target: {fileID: 4000013902719470, guid: 61f15e5f5209f4e40bae9826adcd9b47, type: 2}
      propertyPath: m_RootOrder
      value: 2
      objectReference: {fileID: 0}
    - target: {fileID: 1000010795551742, guid: 61f15e5f5209f4e40bae9826adcd9b47, type: 2}
      propertyPath: m_Name
      value: PlayAgain (2)
      objectReference: {fileID: 0}
    - target: {fileID: 4000013902719470, guid: 61f15e5f5209f4e40bae9826adcd9b47, type: 2}
      propertyPath: m_LocalEulerAnglesHint.y
      value: 90
      objectReference: {fileID: 0}
    - target: {fileID: 4000013902719470, guid: 61f15e5f5209f4e40bae9826adcd9b47, type: 2}
      propertyPath: m_LocalScale.x
      value: 1
      objectReference: {fileID: 0}
    - target: {fileID: 4000013902719470, guid: 61f15e5f5209f4e40bae9826adcd9b47, type: 2}
      propertyPath: m_LocalScale.z
      value: 1
      objectReference: {fileID: 0}
    m_RemovedComponents: []
  m_ParentPrefab: {fileID: 100100000, guid: 61f15e5f5209f4e40bae9826adcd9b47, type: 2}
  m_IsPrefabParent: 0
--- !u!4 &2023089473 stripped
Transform:
  m_PrefabParentObject: {fileID: 4000013902719470, guid: 61f15e5f5209f4e40bae9826adcd9b47,
    type: 2}
  m_PrefabInternal: {fileID: 2023089472}
--- !u!1 &2057220355
GameObject:
  m_ObjectHideFlags: 0
  m_PrefabParentObject: {fileID: 0}
  m_PrefabInternal: {fileID: 0}
  serializedVersion: 5
  m_Component:
  - component: {fileID: 2057220357}
  - component: {fileID: 2057220356}
  m_Layer: 0
  m_Name: Next Level Objects
  m_TagString: Untagged
  m_Icon: {fileID: 0}
  m_NavMeshLayer: 0
  m_StaticEditorFlags: 0
  m_IsActive: 0
--- !u!114 &2057220356
MonoBehaviour:
  m_ObjectHideFlags: 0
  m_PrefabParentObject: {fileID: 0}
  m_PrefabInternal: {fileID: 0}
  m_GameObject: {fileID: 2057220355}
  m_Enabled: 1
  m_EditorHideFlags: 0
  m_Script: {fileID: 11500000, guid: 0bfffe09bdf444be09ccdc4acd2e5964, type: 3}
  m_Name: 
  m_EditorClassIdentifier: 
  speed: 10
  way: 1
--- !u!4 &2057220357
Transform:
  m_ObjectHideFlags: 0
  m_PrefabParentObject: {fileID: 0}
  m_PrefabInternal: {fileID: 0}
  m_GameObject: {fileID: 2057220355}
  m_LocalRotation: {x: 0, y: 0, z: 0, w: 1}
  m_LocalPosition: {x: 0, y: 0, z: 0}
  m_LocalScale: {x: 1, y: 1, z: 1}
  m_Children:
  - {fileID: 498112371}
  - {fileID: 304691870}
  - {fileID: 63678217}
  - {fileID: 395968823}
  m_Father: {fileID: 0}
  m_RootOrder: 9
  m_LocalEulerAnglesHint: {x: 0, y: 0, z: 0}
--- !u!1 &2094135604
GameObject:
  m_ObjectHideFlags: 0
  m_PrefabParentObject: {fileID: 0}
  m_PrefabInternal: {fileID: 0}
  serializedVersion: 5
  m_Component:
  - component: {fileID: 2094135608}
  - component: {fileID: 2094135607}
  - component: {fileID: 2094135606}
  - component: {fileID: 2094135605}
  m_Layer: 5
  m_Name: MainCanvas
  m_TagString: Untagged
  m_Icon: {fileID: 0}
  m_NavMeshLayer: 0
  m_StaticEditorFlags: 0
  m_IsActive: 1
--- !u!114 &2094135605
MonoBehaviour:
  m_ObjectHideFlags: 0
  m_PrefabParentObject: {fileID: 0}
  m_PrefabInternal: {fileID: 0}
  m_GameObject: {fileID: 2094135604}
  m_Enabled: 1
  m_EditorHideFlags: 0
  m_Script: {fileID: 1301386320, guid: f5f67c52d1564df4a8936ccd202a3bd8, type: 3}
  m_Name: 
  m_EditorClassIdentifier: 
  m_IgnoreReversedGraphics: 1
  m_BlockingObjects: 0
  m_BlockingMask:
    serializedVersion: 2
    m_Bits: 4294967295
--- !u!114 &2094135606
MonoBehaviour:
  m_ObjectHideFlags: 0
  m_PrefabParentObject: {fileID: 0}
  m_PrefabInternal: {fileID: 0}
  m_GameObject: {fileID: 2094135604}
  m_Enabled: 1
  m_EditorHideFlags: 0
  m_Script: {fileID: 1980459831, guid: f5f67c52d1564df4a8936ccd202a3bd8, type: 3}
  m_Name: 
  m_EditorClassIdentifier: 
  m_UiScaleMode: 0
  m_ReferencePixelsPerUnit: 100
  m_ScaleFactor: 1
  m_ReferenceResolution: {x: 800, y: 600}
  m_ScreenMatchMode: 0
  m_MatchWidthOrHeight: 0
  m_PhysicalUnit: 3
  m_FallbackScreenDPI: 96
  m_DefaultSpriteDPI: 96
  m_DynamicPixelsPerUnit: 1
--- !u!223 &2094135607
Canvas:
  m_ObjectHideFlags: 0
  m_PrefabParentObject: {fileID: 0}
  m_PrefabInternal: {fileID: 0}
  m_GameObject: {fileID: 2094135604}
  m_Enabled: 1
  serializedVersion: 3
  m_RenderMode: 0
  m_Camera: {fileID: 0}
  m_PlaneDistance: 100
  m_PixelPerfect: 0
  m_ReceivesEvents: 1
  m_OverrideSorting: 0
  m_OverridePixelPerfect: 0
  m_SortingBucketNormalizedSize: 0
  m_AdditionalShaderChannelsFlag: 25
  m_SortingLayerID: 0
  m_SortingOrder: 0
  m_TargetDisplay: 0
--- !u!224 &2094135608
RectTransform:
  m_ObjectHideFlags: 0
  m_PrefabParentObject: {fileID: 0}
  m_PrefabInternal: {fileID: 0}
  m_GameObject: {fileID: 2094135604}
  m_LocalRotation: {x: 0, y: 0, z: 0, w: 1}
  m_LocalPosition: {x: 0, y: 0, z: 0}
  m_LocalScale: {x: 0, y: 0, z: 0}
  m_Children:
  - {fileID: 1058739527}
  - {fileID: 1105043311}
  - {fileID: 411890547}
  - {fileID: 1901097675}
  m_Father: {fileID: 0}
  m_RootOrder: 5
  m_LocalEulerAnglesHint: {x: 0, y: 0, z: 0}
  m_AnchorMin: {x: 0, y: 0}
  m_AnchorMax: {x: 0, y: 0}
  m_AnchoredPosition: {x: 0, y: 0}
  m_SizeDelta: {x: 0, y: 0}
  m_Pivot: {x: 0, y: 0}
--- !u!1 &2102808754
GameObject:
  m_ObjectHideFlags: 0
  m_PrefabParentObject: {fileID: 0}
  m_PrefabInternal: {fileID: 0}
  serializedVersion: 5
  m_Component:
  - component: {fileID: 2102808756}
  - component: {fileID: 2102808755}
  m_Layer: 0
  m_Name: PlayAgain Objects
  m_TagString: Untagged
  m_Icon: {fileID: 0}
  m_NavMeshLayer: 0
  m_StaticEditorFlags: 0
  m_IsActive: 0
--- !u!114 &2102808755
MonoBehaviour:
  m_ObjectHideFlags: 0
  m_PrefabParentObject: {fileID: 0}
  m_PrefabInternal: {fileID: 0}
  m_GameObject: {fileID: 2102808754}
  m_Enabled: 1
  m_EditorHideFlags: 0
  m_Script: {fileID: 11500000, guid: 0bfffe09bdf444be09ccdc4acd2e5964, type: 3}
  m_Name: 
  m_EditorClassIdentifier: 
  speed: 10
  way: 1
--- !u!4 &2102808756
Transform:
  m_ObjectHideFlags: 0
  m_PrefabParentObject: {fileID: 0}
  m_PrefabInternal: {fileID: 0}
  m_GameObject: {fileID: 2102808754}
  m_LocalRotation: {x: 0, y: 0, z: 0, w: 1}
  m_LocalPosition: {x: 0, y: 0, z: 0}
  m_LocalScale: {x: 1, y: 1, z: 1}
  m_Children:
  - {fileID: 1068834178}
  - {fileID: 1393368517}
  - {fileID: 2023089473}
  - {fileID: 559634665}
  m_Father: {fileID: 0}
  m_RootOrder: 7
  m_LocalEulerAnglesHint: {x: 0, y: 0, z: 0}
--- !u!1 &2143742011
GameObject:
  m_ObjectHideFlags: 0
  m_PrefabParentObject: {fileID: 0}
  m_PrefabInternal: {fileID: 0}
  serializedVersion: 5
  m_Component:
  - component: {fileID: 2143742014}
  - component: {fileID: 2143742013}
  - component: {fileID: 2143742012}
  m_Layer: 0
  m_Name: EventSystem
  m_TagString: Untagged
  m_Icon: {fileID: 0}
  m_NavMeshLayer: 0
  m_StaticEditorFlags: 0
  m_IsActive: 1
--- !u!114 &2143742012
MonoBehaviour:
  m_ObjectHideFlags: 0
  m_PrefabParentObject: {fileID: 0}
  m_PrefabInternal: {fileID: 0}
  m_GameObject: {fileID: 2143742011}
  m_Enabled: 1
  m_EditorHideFlags: 0
  m_Script: {fileID: 1077351063, guid: f5f67c52d1564df4a8936ccd202a3bd8, type: 3}
  m_Name: 
  m_EditorClassIdentifier: 
  m_HorizontalAxis: Horizontal
  m_VerticalAxis: Vertical
  m_SubmitButton: Submit
  m_CancelButton: Cancel
  m_InputActionsPerSecond: 10
  m_RepeatDelay: 0.5
  m_ForceModuleActive: 0
--- !u!114 &2143742013
MonoBehaviour:
  m_ObjectHideFlags: 0
  m_PrefabParentObject: {fileID: 0}
  m_PrefabInternal: {fileID: 0}
  m_GameObject: {fileID: 2143742011}
  m_Enabled: 1
  m_EditorHideFlags: 0
  m_Script: {fileID: -619905303, guid: f5f67c52d1564df4a8936ccd202a3bd8, type: 3}
  m_Name: 
  m_EditorClassIdentifier: 
  m_FirstSelected: {fileID: 0}
  m_sendNavigationEvents: 1
  m_DragThreshold: 5
--- !u!4 &2143742014
Transform:
  m_ObjectHideFlags: 0
  m_PrefabParentObject: {fileID: 0}
  m_PrefabInternal: {fileID: 0}
  m_GameObject: {fileID: 2143742011}
  m_LocalRotation: {x: 0, y: 0, z: 0, w: 1}
  m_LocalPosition: {x: 0, y: 0, z: 0}
  m_LocalScale: {x: 1, y: 1, z: 1}
  m_Children: []
  m_Father: {fileID: 0}
  m_RootOrder: 6
  m_LocalEulerAnglesHint: {x: 0, y: 0, z: 0}
